1928 3510
203 174 607 265 Devniuerftr'nGenere.
633 172 773 247 CXII.
830 176 899 267 87·

75 272 303 340 mnenostram
318 269 448 336 Terram
462 273 499 334 ab
512 268 635 335 AEthere
656 270 714 335 effe
736 277 893 336 remotio--

77 354 880 520 nmmum

81 525 261 589 incumbunt
275 524 404 584 materia
424 519 549 584 coelestis
572 521 880 602 partcsAtmosphaeri

83 604 179 672 nostri
193 604 297 669 multo
313 603 462 666 drmiorer
478 601 550 682 effe,
573 604 615 666 ob
622 605 747 665 rationes
762 610 880 685 allatas,

82 687 252 754 neceffeest.
273 686 412 751 Indidem
429 688 519 748 etiam
533 688 705 768 colligimus
713 704 777 754 non
787 690 883 769 magis

82 773 109 837 F
108 774 168 836 ixas
179 768 237 833 effe
239 770 333 855 supra
347 786 422 848 nos,
443 769 536 851 quim
552 786 607 832 nos
609 769 703 854 supra
716 787 773 830 eas.
805 768 883 832 Sunt

82 855 259 933 innumeri,
279 852 309 915 ἂ
325 852 432 915 infiniti
447 849 682 930 fortuvorticm,
705 850 764 914 fine
780 851 885 934 ordine
898 880 901 886 ·

84 939 279 1015 nobisnom,
300 932 540 1014 perimmenirm
556 934 669 998 Mundi
683 935 887 998 extensionem

85 1017 191 1099 sprrfi,
211 1017 776 1103 inquibuoneqnequidquam-mperius,
789 1036 886 1098 neque
901 1073 904 1078 .

86 1100 289 1178 iuferius-dici
303 1099 404 1180 potest.
436 1098 495 1164 Sed
509 1105 618 1186 vulgus
634 1103 763 1180 superius
784 1101 811 1165 id
829 1099 886 1164 effe

85 1187 143 1262 ait,
164 1184 248 1265 quod
262 1185 403 1264 capitibus
420 1181 523 1246 nostris
537 1185 695 1246 imminere
705 1183 829 1246 viderur.
852 1183 884 1249 Si

85 1266 237 1349 ejusmodi
253 1279 354 1328 tamen
371 1268 548 1345 loquutione
564 1265 712 1327 utendum
726 1263 783 1345 fir,
805 1266 887 1348 iqua

86 1363 206 1430 propter
218 1347 486 1428 frequentiffimunr
500 1346 589 1410 usum
604 1349 652 1410 vir
665 1344 802 1411 abstinere
818 1349 886 1429 pos-

86 1432 212 1510 sumus,
232 1432 395 1495 adhibenda
409 1430 449 1493 est
456 1430 609 1493 dumtaxat
617 1426 748 1508 respectu
761 1427 887 1512 lingula·

88 1515 283 1592 rit-vorticis,
303 1515 427 1595 quinae
445 1515 477 1576 in
490 1528 570 1594 parte
586 1512 750 1576 nihilhabet
758 1529 887 1575 cumer-

89 1599 157 1662 teris
166 1614 357 1661 commune..
470 1624 473 1629 ·

134 1697 184 1762 13.
205 1679 308 1760 Itaque
320 1677 450 1759 respectu
466 1678 651 1764 fingniornm
663 1679 832 1759 vorticum,
854 1696 888 1741 ea

90 1763 197 1826 infima
209 1763 355 1839 dicimnr3
375 1765 527 1842 quaecirca
542 1781 650 1825 eorum
664 1775 819 1842 centrum,
839 1761 892 1825 su·-

91 1864 194 1924 prema
201 1864 268 1926 quae
276 1847 312 1907 ab
319 1864 357 1906 co
366 1845 433 1908 sunt
448 1844 541 1927 quim
554 1842 754 1906 remotiffima.
776 1842 900 1906 Invor--

91 1923 278 2006 riceTerrae,
300 1929 426 2007 exempli
443 1925 549 2007 causi,
570 1926 674 1990 infima
682 1944 746 2006 pars
761 1924 890 2011 estglobi

94 2008 229 2074 Telluris
237 2023 374 2072 centrum
382 2033 392 2088 3
401 2011 520 2075 summa
529 2028 595 2091 quae
602 2012 639 2073 ab
646 2011 765 2095 regione
773 2007 889 2088 Lunae,
904 2064 907 2072 ,

93 2092 232 2175 usquead
241 2094 620 2172 extimamvorticisoram,
641 2094 806 2174 porrigitur.
852 2091 888 2153 In

93 2175 191 2240 Solari
208 2177 329 2254 pariter,
351 2173 406 2239 Sol
421 2177 462 2240 est
477 2179 620 2239 omnium
635 2174 774 2251 infimm,
797 2173 827 2234 ἃ
841 2171 890 2235 sn·

94 2279 147 2338 pra
154 2257 261 2322 Solem
267 2255 410 2337 Planetae,
429 2257 722 2336 eodemordinrquo
735 2254 826 2317 fu'ntri
837 2274 893 2319 no·

95 2340 329 2406 bisconfiderati.
351 2339 700 2418 Nisrhocobservemus,
720 2337 891 2420 infrapedes

96 2423 230 2502 nostros,
251 2422 820 2509 Antipodaseffecumvulgodicentes,
837 2424 892 2485 ho-

98 2504 323 2570 minosinsrssere
336 2504 437 2570 Terrae
445 2508 585 2585 capitibus
600 2508 633 2569 in
648 2510 764 2569 coelum
778 2505 892 2582 pendn-

100 2587 154 2666 lis,
174 2586 321 2672 &reliqua
327 2591 432 2654 omnia
445 2591 555 2654 eodem
568 2589 639 2653 stare
653 2589 893 2665 srtucum'pueris

99 2670 285 2735 mirabimur.
832 2704 835 2709 ·

142 2772 191 2836 ¹4
212 2754 288 2817 Haec
301 2756 400 2834 prucis
415 2773 540 2818 monere
546 2754 695 2837 oportuit,
716 2755 893 2837 nevnlgrrir

95 2835 242 2900 sermonis
249 2856 347 2900 errore
354 2857 410 2900 nos
419 2839 507 2918 abripi
517 2838 676 2902 smeremus
685 2885 694 2918 ,
703 2835 818 2900 nrvein
826 2839 896 2900 alie·

96 2938 176 2983 num
190 2917 309 2984 sensum
323 2920 433 2999 quaede
442 2922 497 2985 fitu
513 2921 614 2983 altiore
624 2933 674 2984 aut
690 2918 824 2998 inferiore
838 2919 897 2983 AE-

94 3003 202 3085 theris,
229 3014 281 3071 aut
295 3000 487 3073 Planetarum
503 3001 607 3088 paffim
625 3003 777 3088 dicimus,
799 3005 835 3067 ab
853 3003 898 3061 irr-

828 3100 898 3146 cuu-
