1928 3510
117 173 165 250 32
259 151 341 226 ΡΗ
366 173 393 223 u
420 174 436 224 s
461 175 525 224 rc
552 175 589 225 m
637 151 774 225 Ltul.

115 241 239 317 ceffitib
268 259 362 327 partes
388 266 455 329 quae
475 245 492 311 l
512 246 694 313 seinvicem
713 248 919 327 divelluntur‚„

115 332 218 409 ptimo
238 349 302 412 quo
322 331 465 395 recedunt
484 345 669 412 momento,
696 332 811 412 aliquid
826 331 914 412 ¹spatii

113 414 192 483 inter
206 411 235 479 se
250 415 419 494 relinquant
432 425 550 494 oportet
566 460 577 494 ,
605 415 717 496 alioqui
733 413 832 479 divisae
847 432 915 480 nou

115 490 218 589 client.
256 495 337 579 inid
349 510 452 561 autern
467 496 597 578 spatium
610 498 683 578 quid
698 495 791 577 potest
806 499 915 577 fluere,

113 595 192 645 cum
205 582 292 645 nulla
304 581 391 645 initio
403 593 533 660 ponatur
548 581 670 644 materia
684 577 793 644 fluida?
820 577 853 644 Si
869 583 915 645 ni·

114 659 157 723 bil
173 662 504 743 autemnatimflueret,
523 662 630 743 posrtio
646 663 719 728 falfa
732 660 819 743 effer,
839 661 914 727 crim

116 741 248 822 spatium
280 746 342 809 fiuc
373 747 499 810 nuteria
528 744 657 818 exfistere
692 746 911 830 intelligeretur.

115 824 188 889 Hac
202 828 241 891 de
254 846 286 892 re
302 830 388 914 plura
401 829 434 894 in
446 825 552 910 Capite
570 827 606 895 de·
616 826 716 895 Vacuo,
727 825 797 895 Lib.
807 827 847 894 V.
868 827 914 893 di.-

114 926 188 972 cem
318 934 322 941 ι
444 920 461 945 ἶ,
594 938 597 943 .

188 926 232 981 US,
318 948 428 978 :....
466 942 528 977 .·'..

115 1056 120 1067 ,
160 989 205 1055 ΙΙ.
247 991 534 1076 Quandoquidem,
576 994 628 1058 ubi
647 996 744 1075 plures
764 994 915 1073 particulo

113 1075 246 1145 materie
265 1077 344 1140 circa
362 1075 447 1143 idem
471 1090 610 1141 centrum
638 1089 828 1157 moventur,
870 1095 915 1139 ea

75 1177 77 1181 ·
114 1177 248 1240 quarum
267 1157 310 1229 est
335 1173 439 1225 motus
459 1161 584 1239 minor,
617 1157 763 1244 &figura
783 1159 820 1222 ad
841 1176 915 1223 eum

114 1243 269 1307 tuendum
288 1244 337 1307 inc
356 1244 439 1324 tior,
477 1243 630 1306 minorem
657 1244 721 1306 vim
750 1242 857 1306 habent
875 1241 915 1310 ad

115 1326 320 1391 recedendum
335 1261 483 1404 {cenum
503 1324 608 1390 contri
619 1323 692 1388 verb
708 1343 838 1405 quarum
846 1343 915 1389 nro·

116 1408 216 1473 tusest
230 1409 344 1491 major,
366 1409 519 1493 figuraque
535 1409 572 1472 ad
587 1427 660 1471 eum
670 1407 851 1472 servandum
865 1426 915 1487 ap·

115 1495 193 1574 tior,
214 1513 256 1556 eae
269 1495 364 1574 magis
379 1491 396 1554 l
409 1506 514 1555 centro
528 1493 658 1571 abeunt,
678 1490 708 1554 bt
723 1487 825 1557 versus
838 1489 914 1557 illud

115 1577 190 1639 alias
206 1576 361 1638 deturbant
375 1592 389 1650 3
406 1571 503 1653 cum,
524 1574 664 1653 inquiunt
678 1571 799 1639 Carteiii
812 1573 916 1639 advet-

117 1656 206 1735 sarii,
235 1657 349 1719 hocita
366 1655 533 1736 scrabra,
557 1652 619 1719 fici
635 1656 809 1735 credimus,
828 1657 916 1736 parti·

117 1740 202 1802 culas
215 1738 303 1819 primi
319 1737 349 1801 ἃ
363 1737 485 1802 secundi
499 1734 639 1802 elementi
654 1785 663 1818 ,
691 1758 758 1820 quae
773 1756 916 1804 commov

115 1823 232 1904 tiores„
259 1821 290 1891 δι
311 1823 410 1887 motui
431 1824 556 1901 aptiores
571 1819 662 1901 sunt,
687 1820 835 1902 quimeae
850 1823 917 1902 qni·

117 1906 175 1969 bus
199 1907 319 1969 tertium
343 1904 480 1984 constat,
507 1903 545 1968 ad
567 1906 676 1967 extima
697 1905 826 1967 Vorticis
849 1905 918 1969 fer-n·

119 1983 234 2051 necesse
261 1985 352 2068 effer,
388 1988 478 2050 dnm·
498 1989 620 2056 materia
648 1988 723 2050 tertii
749 1985 859 2070 magni
884 1988 917 2049 vi

120 2083 260 2135 centrum
278 2083 410 2151 peteret,
445 2089 518 2134 nam
539 2068 568 2132 ἃ
589 2068 689 2133 mimis
709 2082 852 2149 motam,
886 2069 918 2132 bt

117 2155 221 2219 motui
248 2155 426 2234 ineptiorem
452 2172 524 2223 earn
548 2149 605 2215 effe
636 2153 744 2216 fatetur
767 2150 914 2215 Cartefius

120 2236 211 2301 &res
226 2236 286 2316 ipsa
300 2241 418 2301 clamat.
459 2236 532 2307 Hoc
548 2250 649 2306 autem
663 2235 689 2304 st,
704 2233 813 2314 lieret,¹
834 2253 918 2304 ever,-

120 2331 230 2395 tcrttur
256 2330 320 2381 tora
343 2317 463 2382 Cartesri
492 2317 667 2399 Hypothelis
720 2337 778 2387 nec
793 2336 854 2397 qua
873 2337 919 2380 ra·

122 2402 204 2464 tione
218 2398 347 2471 Planetae
362 2404 431 2467 loca
445 2401 498 2468 sua
518 2403 593 2465 tueri
613 2365 727 2482 potierit
741 2401 917 2483 intelligere,-

120 2502 201 2550 mus.

165 2565 230 2634 ΙΙΙ.
251 2565 390 2646 νοηα,
405 2566 457 2646 qui
473 2583 564 2629 nunc
574 2565 732 2646 peculiaris.
741 2562 844 2635 Terrae
859 2562 917 2642 cst,

123 2651 272 2715 auridum
290 2667 384 2732 quern
407 2649 506 2712 habuit
525 2668 598 2719 cum
621 2650 707 2729 ignea
721 2644 915 2724 auunculo,

123 2746 175 2796 aut
197 2752 295 2796 novus
317 2730 425 2795 censeri
448 2730 541 2795 debet.
583 2728 663 2793 Non
678 2729 771 2807 potest
787 2726 843 2792 effe
860 2729 917 2807 pti·

120 2813 229 2900 stiunt,
251 2809 616 2889 secundumCartefium,
637 2814 725 2893 quial,
746 2825 779 2874 ut
794 2808 917 2874 antidi·

121 2899 239 2977 ximus,
274 2918 347 2962 curn
362 2897 506 2962 absorberi
535 2894 657 2975 censet,
693 2895 744 2963 ubi
760 2891 915 2957 incrustata

122 2978 214 3052 Stella
232 2979 281 3048 alii
307 2980 425 3047 Vortici
450 2980 645 3065 immergitur.
686 2975 777 3061 Igitur
798 2992 917 3126 novuirfn

860 3075 877 3124 ς
909 3071 935 3135 ⁸<
