1928 3510
241 197 572 274 permortua.
598 199 642 274 C}
651 200 718 275 IV.
813 228 882 295 127

77 318 161 369 rum·
169 298 388 382 quadratarum.
431 298 484 364 Ad
502 298 586 380 quod
603 298 622 360 fi
640 299 761 363 accedat
769 303 818 362 vel
827 316 884 361 ter·

80 391 125 449 tia
133 403 213 465 pars,
233 401 300 464 quae
310 380 511 445 minimurnin
520 383 670 464 segmenta
678 384 884 466 abit,collige·

81 487 155 532 mus
171 468 239 529 hinc
254 464 519 545 Auri-procusores
535 485 570 527 ex
587 466 676 527 uncia
690 470 752 530 auri
767 469 884 531 efficere

83 546 234 632 4207840
249 550 340 611 lineas
348 548 512 629 quadratas.
556 546 815 629 Quandoquidem
832 569 885 613 au·

83 648 149 696 rem
167 633 190 694 is
204 650 349 695 numerus
369 629 757 714 continetr59812vicibus
770 635 887 713 quanti·
922 633 925 637 “

85 730 178 779 tatem
188 714 260 778 bolis
269 716 336 777 cubi
344 717 422 777 aurei
432 716 571 794 uncialis,
593 715 688 780 cubus
702 717 752 778 ille
761 718 831 795 qui,
852 729 886 778 ut

84 796 218 877 diuum,
239 795 369 861 estaaltus
385 799 475 860 lineas
491 810 524 878 5}
538 797 704 861 extenditur
717 800 748 862 in
764 794 887 880 ¹598¹²

86 884 221 965 plagulas
230 881 395 961 quadratas.

130 977 182 1037 19.
206 961 275 1038 Jarn
292 964 360 1026 hinc
376 963 497 1026 summa
511 964 573 1027 auri
589 961 737 1029 dudtilitas
753 977 888 1045 apparet,

82 1046 194 1108 verum
208 1043 308 1131 multi)
316 1049 409 1130 magis
420 1049 517 1109 elucet
525 1066 560 1109 ex
568 1066 607 1109 eo
615 1049 700 1128 quod
708 1049 741 1112 fit
748 1052 785 1112 ab
796 1048 888 1121 'Auri-

85 1125 328 1210 protradlotibus.
382 1128 551 1214 Argenteus
576 1131 728 1211 cylindrus
745 1131 824 1195 duos
838 1150 888 1211 pe·

86 1212 159 1289 des,
180 1208 253 1275 udo
267 1209 375 1296 digitos
392 1215 526 1295 longus,
547 1211 576 1274 dt
594 1214 679 1293 cujus
694 1216 833 1277 circuitus
848 1213 888 1276 est

84 1295 252 1379 digitorum
264 1291 424 1375 duorum,
447 1296 594 1358 lineatum
608 1312 740 1374 novem,
762 1296 839 1359 adei)
856 1310 890 1380 ut

82 1377 150 1458 ejus
177 1375 339 1460 cylindrica
360 1376 527 1458 superficies
548 1374 582 1438 srt
603 1377 751 1440 linearum
766 1378 892 1459 quadra-

80 1476 186 1524 tarum
211 1456 339 1539 12676;
369 1458 545 1542 ejusmodi,
572 1459 716 1541 inquam,
738 1461 891 1560 cylindrus

85 1545 224 1629 integitur
240 1542 319 1606 foliis
340 1544 458 1625 aureis,
487 1561 554 1624 quae
570 1546 676 1608 omnia
692 1543 891 1608 semiunciam

86 1626 221 1707 pondere
247 1640 374 1708 aequant.
414 1623 518 1689 Postea
541 1629 565 1691 is
583 1627 733 1711 cylindrus
752 1645 803 1709 per
822 1628 892 1691 cha·

86 1710 161 1790 lybis
175 1709 324 1773 foramina
340 1710 497 1791 paullatim
513 1711 545 1773 in
556 1710 646 1775 iilum
662 1713 782 1776 tenuius
797 1730 833 1774 ac
849 1727 893 1773 te-

86 1791 177 1856 nuius
193 1790 320 1856 ducitur
363 1787 408 1856 Ex
423 1789 598 1858 tenuissimis
621 1796 764 1874 quartini
778 1792 893 1858 soleant

86 1875 146 1940 tilis
174 1921 183 1955 ‚
224 1873 245 1938 sr
275 1887 400 1940 centum
428 1877 644 1961 quinquaginta
663 1876 752 1958 pedes
772 1872 893 1941 Parilini

87 1958 313 2045 ponderentur,
334 1959 372 2023 ad
418 1958 438 2022 6
461 1977 624 2042 granorum
646 1960 766 2042 pondus
779 1958 895 2024 accedit

85 2039 182 2123 qudrn
202 2039 347 2121 proxime.
415 2056 504 2124 taque
531 2042 644 2126 integer
670 2042 822 2128 cylindrus
842 2042 894 2106 de·

88 2125 155 2189 buit
169 2125 240 2189 duci
253 2123 286 2188 in
302 2123 392 2188 filum
407 2125 538 2210 longrun
546 2127 634 2205 pedes
646 2140 792 2206 3702003
814 2124 896 2187 unde

91 2205 224 2288 sequitur
254 2221 289 2271 ut
308 2208 429 2292 longior
456 2207 550 2288 quim
569 2222 631 2270 erat
650 2206 746 2272 fadlus
770 2218 898 2287 115200

91 2290 207 2355 vicibus
221 2311 232 2370 ;
250 2309 287 2354 ac
300 2289 426 2373 proinde
442 2288 506 2370 ejus
520 2288 687 2369 superficies
704 2303 767 2375 340
780 2289 895 2356 vicibus

94 2370 190 2454 qud'm
213 2371 298 2436 antei
323 2372 425 2454 major
446 2370 489 2435 lit„
530 2371 622 2438 Adde
638 2371 748 2457 quod,
768 2370 898 2439 tenuiffi-

93 2473 186 2519 nrum
205 2455 281 2520 illud
290 2456 386 2520 iilum
398 2456 430 2519 in
445 2455 590 2522 laminam
603 2457 787 2538 procusum,
807 2470 897 2523 uteo

91 2536 222 2605 micum
242 2551 382 2624 tegatur,
404 2553 544 2623 augeauu
559 2538 713 2623 superficie
769 2557 838 2619 quae
858 2556 898 2601 eo

94 2614 185 2708 pado
196 2621 231 2685 lit
243 2620 340 2703 duplo
347 2620 476 2704 major3
503 2641 541 2689 ae
562 2622 687 2704 proinde
705 2587 770 2688 6330
783 2621 898 2686 vicibus

92 2701 641 2870 ggtgglgitaepialgeeggqgaudlmnrtasinltio,
684 2706 897 2788 contineltque

125 2892 127 2896 ⁴
142 2883 192 2943 κο,
214 2866 299 2934 Cirm
312 2885 413 2934 autem
428 2870 519 2936 filum
531 2870 607 2936 illud
614 2884 788 2956 argenteum
803 2870 845 2934 ita
858 2869 898 2935 ell

94 2953 127 3017 in
148 2952 295 3015 laminam
309 2953 497 3033 procusum,
518 2952 656 3020 deaurata
677 2959 844 3019 etiamnum
859 2953 900 3016 est

91 3034 157 3116 ojus
175 3034 366 3117 superficiem
381 3034 519 3119 adeoque
537 3033 601 3179 {pla
618 3037 780 3104 semiuncia
795 3054 899 3182 aurea3

554 3137 622 3201 .4„
837 3135 880 3198 qu
