1928 3510
161 240 165 247 .
237 180 565 254 DeTerra&Mari.
589 177 693 256 CII.
809 208 860 281 97

55 296 139 365 quot
152 278 290 365 gradibus
320 280 455 342 declinat.
498 279 571 343 Hoc
593 293 695 344 autem
718 292 783 344 non
807 300 862 361 po-

59 366 118 428 test
126 365 186 428 fieti
199 410 208 443 ,
228 364 302 444 quin
318 364 445 425 matetiae
459 364 649 444 magneticae,
661 362 864 445 uuaee‘xTer—

62 469 97 511 ra
110 459 210 510 manat
224 493 234 525 ,
254 457 409 509 mutentur
425 458 563 525 meatus,
585 443 656 508 etim
668 447 769 512 modb
783 446 863 512 redd

59 550 100 593 ex
115 529 191 593 Polo
206 526 340 591 videatuu
357 529 472 610 venire,
494 527 592 592 modo
603 544 641 590 ex
654 525 758 593 Terre
771 536 861 611 patti-

59 617 144 690 bus,
163 630 229 693 quae
248 609 286 673 ad
303 609 458 692 sinistram,
479 624 530 674 aut
546 609 763 675 dextramsunt.
805 612 862 679 An

63 694 154 777 porrb
174 713 211 756 ea
232 695 361 758 mutatio
384 712 419 758 ex
443 695 558 778 ignibus
572 691 789 773 subterraneis,
809 700 863 777 qui

62 778 246 864 magneticas
260 772 362 839 Terra
384 776 502 841 fodinas
519 773 569 850 hic
586 788 637 839 aut
650 776 712 840 illic
726 792 864 840 botrum·

59 876 160 941 pant,
178 878 247 939 quae
259 862 361 923 tamen
373 859 472 939 postea
482 872 674 941 reparentur,
696 874 735 924 an
752 862 809 925 alia
823 858 863 922 de

61 943 231 1023 musana,
251 944 365 1007 nemini
373 941 495 1006 constat³
798 944 814 973 ’-

292 1189 638 1266 Canusii

85 1352 141 1419 De
151 1343 242 1417 rebus
243 1341 452 1443 fitbtetraneis
461 1350 494 1412 in
497 1368 632 1440 genere,
656 1341 839 1443 &primdm

100 1526 103 1531 Ι
196 1441 769 1541 quidemde‘Salsure&bitumine¹
851 1442 854 1447 ’

63 1636 94 1685 u.
187 1622 300 1686 lximus
321 1615 475 1703 ¹superiore
494 1612 621 1703 Capite,
644 1612 752 1687 ¹Terre
772 1622 861 1705 hujus

195 1704 300 1788 nostrai
314 1711 431 1787 molem
446 1722 510 1769 non
524 1704 656 1769 constare
671 1707 861 1790 homogened

63 1786 204 1870 mutent,
225 1787 274 1851 sed
289 1788 452 1873 innumeris
468 1788 622 1851 variorum
633 1806 778 1885 generum
792 1808 859 1851 cor-

64 1872 186 1950 poribus
201 1868 258 1933 ess'e
273 1869 408 1935 mistam:
428 1869 488 1955 ,De
505 1868 657 1949 potissimis
673 1886 690 1950 ,'
711 1868 860 1953 quanttim

64 1956 152 2017 nobis
166 1956 224 2034 ‘per
244 1954 417 2017 brevitatem
432 1953 594 2017 institutam
616 1953 706 2034 licet,
736 1953 777 2017 sn
798 1954 862 2018 illa-

64 2040 120 2100 tim
135 2054 277 2119 agemus3
298 2050 386 2117 atque
394 2034 448 2101 hic.
460 2037 583 2121 quidem
600 2055 664 2099 non
680 2034 773 2115 ipsam
813 2050 860 2098 er²

65 2118 319 2199 raesupetficiem,
338 2116 389 2183 sed
395 2119 537 2200 quaesunt
549 2116 652 2198 paullo
659 2117 778 2180 interius
786 2135 862 2179 con·

66 2201 264 2265 fiderabimus.
853 2215 858 2225 ·

109 2302 140 2345 2.
160 2281 241 2347 Not'r'
255 2278 408 2362 poss'umus
423 2281 563 2365 equidem
577 2299 643 2364 quae
657 2294 693 2346 ex
707 2276 803 2346 Terra
817 2279 860 2344 es·

65 2364 222 2429 fodiuntur
236 2363 371 2433 accurate
386 2362 515 2429 dividere
544 2413 553 2445 ,
595 2380 628 2429 ut
643 2365 680 2430 ad
696 2378 773 2430 certa
787 2365 861 2428 refe·

65 2461 169 2510 tantur
189 2464 318 2531 genera,
345 2466 379 2511 ex
394 2466 528 2529 quorum
540 2447 759 2515 definitionibus
773 2448 862 2529 quid·

65 2526 196 2609 quidest
213 2529 396 2594 inferioribus
412 2530 561 2610 speciebus
575 2550 760 2609 commune,
772 2528 859 2608 quid·¹

64 2608 144 2759 grid
157 2612 306 2693 generibus
320 2614 396 2678 inter
410 2613 613 2697 sediversum,
633 2612 755 2697 intelligi
763 2623 860 2691 queat.

108 2705 121 2755 r
134 2692 197 2755 hoc
210 2692 308 2775 fimet,
328 2710 445 2761 naturas
458 2714 565 2759 omnes
570 2716 676 2779 ,earum
690 2710 791 2758 rerum
803 2710 860 2756 no-

64 2778 109 2841 bis
130 2770 190 2839 effe
211 2782 361 2857 oporteret
384 2774 466 2843 certb
489 2778 561 2859 pers
572 2778 672 2860 esbus,
691 2775 708 2865 d
727 2794 787 2859 qua
808 2795 861 2840 co·

65 2859 201 2942 gnitione
214 2856 350 2924 multum
363 2860 512 2926 absumus.
594 2872 714 2927 ttamen
722 2858 860 2924 ordinem

66 2942 198 3023 aliquem
212 2940 419 3024 observemus,
440 2962 639 3027 quacumque
646 2943 700 3007 sub
712 2942 808 3008 Tetra
814 2947 860 3006 ¹la·

64 3036 127 3088 tunt
141 3025 248 3088 intres
262 3024 380 3092 ordines
396 3024 573 3093 dividemus.
618 3025 767 3113 Suntque
776 3028 861 3088 flam·

103 3104 213 3173 Tamus
233 3104 301 3171 111.
545 3106 572 3174 E
775 3122 861 3172 mam
