1950 3518
129 121 202 198 240
253 100 335 172 PH
364 123 581 174 Ysrcffl
623 89 798 178 Ltuli'I.
858 177 861 181 ,

124 201 198 262 torti
219 198 360 262 omniurn
381 195 510 262 maximi:
531 197 568 258 ad
589 192 747 258 Orientem
761 194 918 276 porreetae,

130 281 239 345 traetus
254 279 294 342 est
309 279 397 342 maris
413 281 443 342 in
460 299 521 360 quo
536 297 632 358 neque
647 277 802 358 constrns,
823 299 919 360 neque

130 365 273 426 variabilis
287 376 394 425 ventus
409 363 478 425 flare
494 363 551 425 dici
566 360 659 439 potest
674 381 683 436 3
696 374 698 379 ’
712 374 822 424 eterna
838 365 919 424 enim

129 443 245 508 illic-est
260 445 399 523 malacia,
421 465 486 548 guae
500 464 564 506 non
571 447 702 506 turbatur
709 443 796 506 niu-F
797 446 918 528 ulgure,

33 546 38 553 ·
129 525 281 604 Tonirru,
303 526 331 588 ἃ
350 528 526 605 pluviarum
541 525 657 605 erebra,
679 540 712 587 ut
724 527 917 606 proptereaei

130 613 203 673 loeo
219 608 354 687 Pluviis,
376 625 490 672 nomen
506 605 635 671 inditum
649 607 690 669 fit.
706 607 871 689 'Quidquid
884 611 918 672 il·

131 691 171 756 l'ic
185 692 305 754 sentitur
319 693 415 770 venti,
435 690 530 753 subiti)
546 693 655 767 oritur,
677 691 841 770 inaequabili
848 691 918 753 flatu

131 776 233 855 spirat,
245 773 340 851 ·&per
355 775 441 836 breve
454 787 587 853 tempus,
610 790 927 858 neque-permagnum,

131 858 220 921 maris
234 853 378 933 tratrum,
391 883 393 889 s
406 855 481 918 adeb
498 858 555 933 ut',
584 855 700 937 singulis
716 856 795 935 horis
811 903 821 935 ‚
846 855 917 936 saepe

131 939 165 1000 fit
180 956 277 1000 novus
298 952 427 1016 ventus,
450 940 498 1000 cui
518 938 648 1000 succedit
667 938 820 1017 malacia,
839 951 918 1001 ante·

129 1019 221 1099 quim
242 1020 315 1080 alius
337 1020 455 1080 oriatur.
498 1019 580 1098 Saepe
594 1021 626 1080 in
640 1017 743 1097 claffe,
766 1019 853 1100 cujus
869 1041 918 1084 na-

130 1121 180 1163 ves
199 1103 329 1163 invicem
351 1115 535 1179 cernuntur,
571 1100 689 1183 fingulae
717 1120 808 1165 naves
828 1103 918 1167 suurn

131 1187 237 1247 habent
256 1195 391 1246 ventum.
433 1181 468 1246 In
484 1185 542 1246 hoc
556 1185 654 1262 loeo,
682 1201 734 1262 per
747 1182 795 1246 sex
811 1186 917 1265 gradus

132 1270 273 1330 omnibus
281 1267 352 1328 velis
361 1286 449 1328 naves
458 1268 488 1329 in
503 1268 639 1328 ulteriora
646 1266 768 1340 tendant
783 1282 917 1346 oportet;

131 1348 920 1431 61deficierrtevent0,perintegrummensenrillicmu·

134 1434 356 1497 rataedicurrtur.
459 1458 462 1462 ·
737 1452 739 1456 ·

177 1530 224 1576 10.
254 1512 298 1574 Ex
319 1513 409 1574 tribus
431 1510 634 1591 posterioribus
648 1508 917 1594 observationibus,

132 1599 277 1659 rationem
286 1594 495 1675 cognoscimus
514 1595 767 1675 duarum-rerum,
785 1615 861 1676 quas
870 1619 919 1662 na·

132 1682 263 1763 vigantes
278 1679 308 1739 in
324 1676 500 1755 Guirream,
536 1691 587 1740 aur
601 1675 789 1741 Orientalem
801 1677 920 1742 *Indiam

133 1760 360 1840 deprehendunt.
404 1759 507 1822 Aitera
521 1758 566 1821 est
579 1787 601 1838 ,·
626 1761 762 1838 quamvis
786 1774 870 1823 mare
890 1761 942 1823 fit·

133 1843 238 1906 areiiris
253 1839 827 1926 interGuineam&Brafiliensralittora,
850 1841 920 1905 crim

133 1927 163 1988 id
178 1926 365 2006 intervailum
381 1941 441 2003 500
449 1924 583 1985 milliaria
591 1944 654 1986 non
662 1925 791 2003 superet,
813 1943 919 2002 naves,

133 2028 199 2089 qua
215 2007 252 2069 ad
272 2004 416 2070 Austrum
432 2005 551 2068 cursum
566 2007 692 2089 dirigunt
708 2053 718 2084 ,
750 2006 826 2091 agre
842 2025 918 2069 eum

133 2090 261 2154 trabium
277 2090 526 2170 praeternavigare,
548 2089 700 2167 prasertim
714 2089 922 2166 menfibusJu-

134 2171 366 2253 li0&Augusto.
406 2170 502 2250 Cujus
516 2174 555 2234 rei
570 2173 630 2233 haec
644 2170 684 2233 est
698 2169 783 2252 causa
798 2217 807 2248 ,
835 2173 921 2250 quiid

134 2253 307 2316 Euronorus
323 2267 396 2315 tunc
409 2257 549 2332 temporis
573 2253 647 2317 ultrri
660 2253 760 2316 solitos
775 2252 850 2314 fines
865 2254 922 2332 spi·-

136 2351 194 2415 ret,
223 2337 280 2397 rive
295 2339 371 2397 ultra
388 2354 408 2416 4
421 2337 546 2415 gradum
561 2336 716 2406 latitudinis
728 2332 922 2410 Septemtrio-

135 2422 226 2495 nalis;
246 2417 422 2496 &praeterea
437 2418 527 2496 usque
542 2418 616 2481 adei)
632 2419 667 2480 ad
688 2414 833 2480 Austrum
848 2436 922 2479 eon-

135 2516 279 2580 vertatur,
308 2516 340 2562 ut
362 2501 544 2584 quandoque
571 2499 657 2579 plane
673 2497 779 2563 Auster
796 2500 870 2577 fiat,
891 2500 920 2562 ἃ

134 2585 314 2668 quaudoque
329 2584 418 2645 etiarn
432 2586 551 2646 utterius
566 2585 601 2646 ad
611 2583 780 2646 Favonium
788 2582 921 2643 eircum—

134 2683 244 2752 agatur.
287 2665 372 2729 Nihil
388 2664 504 2744 possunt
521 2680 615 2729 nauta
630 2667 710 2729 aliud
724 2666 841 2742 facere,
868 2664 919 2725 niti

135 2749 480 2828 utstquanturvenrum3
502 2748 521 2809 sr
536 2748 608 2813 veri)
624 2748 659 2810 ad
668 2746 805 2810 Africam
819 2747 921 2808 cursus

135 2835 290 2914 dirigatur,
313 2834 479 2913 navigantes
494 2852 543 2894 ma
565 2836 586 2894 is
602 2850 636 2891 ac
650 2831 744 2912 magis
760 2830 798 2891 ad
813 2827 921 2892 Subso-

136 2922 241 2982 lanum
257 2915 389 2977 converti
404 2928 529 2978 ventum
544 2851 690 2992 {entium
720 2910 769 2977 sed
795 2925 868 2975 tunc
888 2912 924 2974 ti-

842 3012 928 3058 merr-
