1928 3510
265 190 595 266 DeTerraouari.
620 190 703 266 CI.
822 221 866 298 93

64 293 359 372 'bidurumplutium
387 291 578 355 materiarum
598 309 657 353 con
696 287 737 350 rie
751 288 782 353 ἃ
795 293 871 371 aqut

78 371 873 455 cumsalsitumdulciconstante3undeaPhilosophis

81 453 264 543 Terraqueus
272 456 380 520 Globus
395 457 474 521 haud
484 455 712 520 rarovocantur.
755 457 875 539 Quam-

82 544 129 604 vis
142 542 172 603 in
184 560 222 604 eo
232 539 339 604 solide
352 542 480 603 materiae
498 538 585 617 copia
600 538 722 603 fluidam
736 539 813 604 forte
826 541 875 605 su-

85 638 185 703 peret,
213 637 345 686 attamen
366 621 527 703 superficiei
542 621 624 704 globi
645 621 794 704 majorem
812 643 877 703 par-

84 723 147 769 tem
160 719 380 789 occupataque
395 752 404 785 ,
431 703 516 784 quod
530 704 652 784 liquebit
662 705 698 767 in
710 703 877 769 terrestrem

84 789 337 874 globumoculos
357 786 591 867 conjicientibus.
611 783 700 851 Nam
713 789 878 866 praeterflu-

83 875 168 951 vius,
189 871 220 933 ἃ
234 875 333 952 lacus,
353 868 512 952 Magna,
533 868 562 930 u
576 870 691 951 fontes,
719 871 827 951 quibus
841 872 879 933 ir·

86 956 199 1037 rigatur
212 951 325 1032 Terra,
353 953 439 1014 variis
456 957 487 1014 in
498 953 595 1029 ‘locis3
616 951 775 1034 Oceanus,
803 953 879 1036 ejus-

88 1054 151 1117 que
166 1035 240 1098 finus
253 1035 345 1120 longe
360 1032 445 1098 latius
458 1034 672 1116 extenduntur,
698 1035 791 1119 quim
806 1037 880 1101 ficca

90 1120 211 1181 humus.
253 1118 368 1201 Quod,
388 1117 448 1180 fine
462 1117 571 1197 dubio,
593 1120 799 1184 in'incolarum
815 1141 880 1204 gra·

88 1203 161 1264 tiam
177 1203 215 1264 ab
228 1221 330 1264 rerum
346 1199 616 1264 Creatore·fs&um
628 1201 668 1264 est
685 1249 695 1281 ,
719 1205 764 1265 *ob
778 1205 880 1289 ingen-

87 1300 152 1350 tem
170 1303 316 1365 aquarum
329 1279 436 1360 usum,
458 1296 508 1344 aut
522 1284 681 1364 rigentium
692 1297 801 1364 terras,
830 1300 880 1348 aut

87 1366 181 1448 pisces
200 1366 448 1446 suppeditantium
469 1411 479 1444 ,
500 1377 550 1426 aut
571 1364 748 1447 navigandus
768 1365 798 1427 se
812 1386 882 1446 prae-

89 1442 258 1529 bensium,
309 1449 429 1513 summa
465 1465 539 1509 cum
580 1447 742 1509 hominum
776 1449 883 1510 utilita-

89 1546 129 1596 te.

138 1630 166 1695 3.
186 1611 305 1677 Verum
318 1610 408 1676 miffis
424 1613 528 1692 aquis,
549 1611 587 1675 de
598 1615 705 1694 quibus
712 1611 810 1693 postea
817 1631 884 1698 age-

92 1717 181 1779 mus,
202 1696 221 1759 fi
238 1695 322 1776 quod
329 1689 423 1757 Terra
435 1709 561 1758 vocatur
576 1696 811 1778 confideremus,
833 1697 885 1761 de·

93 1779 310 1862 prehendemus
322 1776 380 1840 effe
394 1780 581 1861 congeriem,
603 1792 637 1840 ut
651 1779 748 1843 modo
770 1782 884 1844 diceba·

94 1881 183 1942 mus,
210 1863 365 1925 variorum
378 1879 548 1939 corporum.
589 1859 624 1922 ln
638 1879 673 1924 ea
685 1864 768 1925 enim
782 1881 886 1942 arena,

93 1948 214 2028 argilla,
240 1957 323 2006 terrae
335 1944 487 2006 variorum
502 1946 658 2024 colorum,
687 1945 795 2024 lapides
805 1949 887 2010 mul-

96 2042 201 2092 torum
213 2045 377 2112 generum,
394 2025 466 2088 saiia
480 2029 582 2106 plura,
602 2027 712 2109 sulfur,
733 2030 885 2107 bitumen,

97 2111 252 2174 mineralia
266 2109 438 2187 innumera,
458 2110 602 2188 metalla,
621 2112 736 2188 alitque
747 2109 887 2173 {fodien-

97 2195 176 2257 tibus
191 2192 390 2255 inveniuntur.
432 2188 560 2270 Neque,
580 2204 613 2252 ut
621 2189 888 2270 multaejuscemo·

100 2276 131 2339 di
148 2293 274 2356 corpora
289 2287 463 2350 cernantur,
492 2290 567 2350 opus
576 2271 623 2334 est
639 2287 673 2334 ut
686 2272 723 2337 ad
739 2271 806 2354 ejus
818 2293 889 2338 cen-

99 2371 185 2421 trum
205 2357 298 2451 usque
317 2358 434 2420 fodinas
446 2373 593 2438 agamus,
622 2353 685 2438 quo
699 2355 830 2421 humana
843 2360 889 2422 in-

101 2437 210 2502 dustria
230 2441 380 2520 pervenire
401 2440 528 2517 nequit3
555 2440 628 2501 intra
650 2441 763 2523 aliquot
783 2441 871 2521 pedes

100 2521 262 2599 aliquando
289 2524 416 2601 plutima
433 2520 466 2584 vid
489 2539 582 2604 genus
599 2519 790 2586 effodiuntur.
830 2488 890 2585 Seri

107 2601 129 2663 st
146 2603 212 2681 quis
227 2604 380 2683 praesertim
394 2603 579 2688 Hungaricas
592 2604 814 2666 &Perusianas
827 2621 892 2666 me·

99 2685 249 2750 callorum
266 2687 384 2751 fodinas
405 2684 545 2765 lustrarit,
564 2705 630 2767 quae
640 2687 702 2748 aliis
716 2686 892 2765 profundio-

102 2785 150 2915 rdes
177 2767 234 2833 effi:
254 2769 423 2848 dicuntur,
463 2771 620 2832 innumera
642 2769 715 2831 talia
734 2767 893 2850 deprehen·

146 2953 178 3015 4
200 2931 324 2998 Veteres
346 2931 540 3016 Philosophi,
566 2952 701 3015 quornm
723 2933 894 3001 Scholastici

103 3015 223 3104 sequuti
235 3015 304 3083 suut
324 3015 523 3100 sententiam,
549 3014 580 3081 bt
602 3019 654 3101 qui
677 3020 896 3165 contendebam
941 3056 944 3061 -

853 3117 898 3164 er·
