1928 3510
234 218 294 287 De·
307 216 570 290 Terra&Mari.
596 212 638 292 C.
658 213 706 291 V.
798 239 843 313 14

73 320 114 380 ita
130 313 184 395 fit,
218 329 252 379 ut
265 313 448 395 putrefaeiio
468 314 670 396 impediatur,
690 314 831 378 invenien
852 333 871 378 a

75 399 116 462 est
134 413 196 476 ars,
216 396 274 478 qui
290 400 383 462 carnis
399 411 493 479 partes
508 401 538 461 in
553 397 743 476 eodemfitu,
765 411 872 462 eontra

78 485 143 544 vim
163 483 360 545 incumbentis
381 529 391 562 ,
412 482 450 544 -ἀ
472 481 611 562 undequa
631 497 670 542 ue
683 480 871 560 superficiem

81 564 234 626 lambentis
258 565 355 645 airis,
384 567 571 628 retineantur.
611 498 645 642 ii

68 646 128 710 'test
143 647 336 711 commodius
351 648 413 712 fieri
430 692 441 726 ,
460 645 553 728 quim
570 643 589 707 fi
606 644 678 726 quid
690 644 728 707 ad
742 662 874 711 manum

77 729 128 809 iit,
149 729 234 809 cujus
250 743 342 808 partes
357 742 450 793 acuta
465 727 603 814 &rigidae
612 728 771 791 clavorum
785 725 883 799 instar}

77 813 170 876 carnis
192 814 347 890 particulas
368 812 545 892 perforent,
585 822 674 958 atgue
693 811 769 873 inter
781 807 812 871 se
826 828 874 873 ar·

77 892 152 958 &ius
175 893 361 978 conjungant
381 913 393 972 3
420 898 522 974 quales
536 893 604 957 sunt

77 982 114 1040 1ae
136 1021 145 1055 ,
173 994 302 1056 quarum
325 992 392 1041 earn
413 973 470 1039 effi
484 990 621 1041 naturam
634 975 718 1040 antei
734 976 873 1040 diximus.

79 1059 186 1138 Atque
200 1059 271 1119 hinc
285 1059 319 1122 fit
333 1058 538 1140 utcarosaisa,
559 1076 624 1123 non
637 1057 736 1125 modi>
742 1056 807 1123 non
814 1077 871 1140 pue

80 1141 188 1220 risen,
209 1139 366 1206 sedetiam
380 1143 544 1207 indurescat
560 1163 570 1220 ;
617 1142 689 1223 uia,
710 1143 874 1222 nimirum,

74 1224 144 1288 -fieri
160 1225 261 1304 nequit
275 1239 308 1288 ut
326 1227 473 1305 particulis
490 1227 586 1308 rigidis
596 1162 678 1286 iaus
693 1223 726 1286 fit
740 1224 874 1304 undique

79 1305 211 1386 pertusa,
232 1310 306 1387 quin
320 1309 421 1370 durior
437 1307 497 1369 fiat.
530 1306 604 1368 Hoc
617 1302 877 1385 quoquchiccou-

82 1389 269 1452 fiderandum
284 1435 297 1469 2
315 1387 577 1470 quemadmodum
591 1384 646 1449 Sal·
663 1404 703 1449 ne
717 1405 787 1449 caro
802 1390 877 1450 airis

81 1473 113 1534 vi
130 1485 338 1549 corrumpatur
354 1470 491 1549 impedit:
513 1468 553 1533 stc
570 1486 692 1532 caruem
712 1467 879 1550 quominus

82 1553 157 1631 Sar,
178 1572 241 1633 quo
263 1552 444 1633 retroacti,
465 1554 537 1616 a'e'ris
553 1551 727 1617 humiditate
741 1551 876 1632 liquefiat

81 1631 195 1699 obstare
224 1655 233 1712 ;
275 1638 344 1717 quia
365 1636 520 1717 particulas
534 1636 638 1700 salinas
652 1635 731 1715 poris
744 1632 802 1698 sui's
816 1631 878 1698 alte

82 1716 224 1814 inmeiat
241 1722 385 1801 retinens,
405 1739 469 1783 non
483 1721 588 1800 patitur
603 1737 651 1782 eas
665 1719 738 1782 aeris
747 1718 878 1782 humore

127 1817 143 1861 c
246 1849 253 1863 .

81 1817 287 1965 aruwini
297 1879 350 1948 Sal·
368 1886 399 1948 in
416 1886 517 1969 ignem
532 1882 686 1966 injicitur,
706 1881 786 1948 varia
806 1881 892 1963 pati·

84 1978 161 2044 tur,
177 1984 244 2047 quae
265 1970 351 2031 nobis
374 1967 442 2031 suut
455 1967 563 2031 ordine
577 1966 776 2048 expendenda.
814 1962 878 2031 Pri·

78 2045 196 2128 nuim‚
216 2051 328 2112 mirum
343 2053 375 2113 in
390 2051 522 2112 modurn
538 2052 657 2130 crepitat
672 2098 689 2132 ‚
703 2046 755 2113 sed
768 2068 803 2112 ea
817 2067 880 2112 cre·

83 2131 189 2210 pitatio
203 2132 281 2193 brevi
296 2142 430 2212 tempore
445 2130 555 2195 definit.
596 2130 672 2195 Hoc
693 2144 795 2193 autern
810 2131 883 2192 hinc
938 2132 940 2137 '

84 2210 150 2276 fieri
162 2213 277 2276 videtur
293 2261 303 2293 ‚
331 2214 417 2297 quod
430 2211 490 2276 San
505 2210 635 2295 admista
654 2212 709 2276 fiut
727 2212 879 2292 particulae

85 2312 204 2376 aquea,
224 2310 275 2360 aut
288 2300 377 2359 a'e'reae
393 2340 404 2374 ,
423 2312 489 2374 quae
500 2296 574 2358 intra
588 2292 785 2359 concavitates
801 2313 882 2359 non·

86 2380 185 2441 nullas
204 2382 303 2441 latent.
347 2372 430 2440 Cum
446 2372 498 2440 Sai
510 2378 570 2462 igni
584 2377 711 2460 injicitur
727 2425 742 2459 ,a
757 2373 884 2443 fervefia-

86 2459 142 2524 &ae
155 2478 196 2522 eu
211 2461 358 2540 particuiae
374 2460 462 2522 latera
479 2463 668 2544 cariorem,
684 2462 792 2545 quibus
806 2478 883 2525 cou-

85 2545 242 2623 tineutur,
270 2559 385 2626 magno
403 2543 444 2603 im
465 2554 516 2605 ctu
531 2546 671 2626 pellunt,
698 2538 884 2622 effratiiiipue

90 2627 255 2688 carceribus
270 2628 300 2690 in
317 2627 415 2687 a'e'rcm
446 2622 528 2690 ubiti)
542 2624 704 2703 ditiiliunt·,
718 2643 783 2708 quo
798 2625 834 2687 fit
847 2636 883 2689 ut

89 2711 139 2771 ae'r
163 2726 247 2772 aures
270 2704 383 2772 nostras
403 2709 442 2769 ita
463 2710 609 2790 verberet,
630 2723 664 2773 ut
685 2709 881 2788 crepitationit

87 2792 221 2855 sonitum
237 2793 368 2856 innubis
388 2805 473 2855 creet.
512 2792 587 2857 Hoc
598 2793 670 2857 iude
681 2788 785 2855 claritis
796 2786 887 2856 coni-⁴

89 2877 193 2959 gitur,
212 2873 295 2954 quiid
318 2873 371 2939 S'ai
393 2872 514 2943 ficcatus
538 2878 622 2938 lento
637 2874 727 2961 igue,
741 2887 830 2959 atque
849 2876 889 2939 iu.

90 2960 251 3034 pulverent
260 2951 464 3021 tenuiffunum
487 2958 696 3021 comminutus
711 2976 777 3022 non
791 2959 884 3037 crepi-

83 3051 138 3102 tet.
180 3036 265 3103 [dem
284 3050 399 3119 apparet
416 3056 451 3103 ex
473 3038 612 3186 egquod
629 3039 779 3121 crepitatio
801 3037 882 3103 brevi

543 3139 562 3186 a
806 3136 883 3185 tcm-

645 563 707 625 uod
728 582 792 626 non
814 581 878 644 po·.

640 894 734 957 alium
746 892 875 974 particu-
950 954 961 970 x

951 3068 962 3203 ᾗ
