1928 3510
103 125 158 182 '22
243 102 273 177 P
297 118 378 175 nr
405 125 420 172 s
446 125 508 175 rc
534 124 571 175 m
610 94 717 176 Lrn.
741 98 772 175 1.

100 206 168 283 tir,
189 201 240 281 qui
248 199 347 262 inaliis
356 199 529 263 Vorticibus
537 197 705 277 versantur3
725 196 909 265 Terraecen·

100 302 194 350 strum
207 284 281 362 peti,
301 281 398 361 potiris
420 280 514 362 quim
527 279 603 345 alius
619 282 748 358 cujusvis
759 281 907 366 Planetae,

111 363 459 446 nemorffirmarepoffit.

152 449 209 512 Vl.
230 448 328 513 Aiunt
335 447 531 526 Ptolemaici,
551 447 720 510 vehementi
737 447 789 511 illa
803 447 907 512 Terrae

112 533 192 596 ciret
202 552 290 595 axem
303 532 394 596 suum
409 530 626 611 converfione,
654 545 747 611 partes
770 529 834 611 ejus
850 531 908 595 dis*

104 615 251 681 'solutum
264 618 313 695 iri,
333 615 449 695 nosque
456 613 532 692 ipsos
548 628 641 676 vento
655 614 907 694 perpetque'ris,

114 702 191 764 intra
199 718 291 780 quem
299 694 395 759 Terra
408 700 595 776 volveretur,
616 712 757 761 vexatum
769 699 815 760 iri.
847 695 908 759 Re·

117 782 263 862 spondent
271 776 515 858 Copernicaniea
528 800 595 861 quae
610 783 641 845 in
658 782 764 843 orbem
780 798 908 843 moven-

115 878 163 927 tur
178 864 192 941 (
200 862 284 943 quod
298 865 437 941 exemplo
451 861 566 927 Fundae
578 864 726 944 probant)
740 862 860 926 tendere
873 876 908 925 ut

103 944 132 1018 'i
149 961 251 1009 centro
265 944 402 1007 recedant
417 991 426 1024 ,
453 943 532 1008 &ea
547 966 613 1026 quae
626 945 775 1028 majorem
789 947 855 1009 vim
870 945 908 1009 ad

115 1025 450 1091 recedendumicentro
464 1025 568 1091 Terrae
581 1028 705 1109 habent,
724 1030 780 1092 alia
794 1045 908 1111 magno

115 1112 230 1190 impetu
245 1107 346 1173 versus
360 1110 390 1174 id
406 1122 544 1191 centrum
558 1115 713 1192 repellere,
743 1110 773 1174 ἀ
790 1110 830 1174 fic
844 1130 909 1191 par·

117 1206 160 1256 tes
174 1194 237 1274 ejus
259 1193 413 1257 contineri.
453 1192 528 1256 Hoc
547 1192 705 1257 illustratur
724 1195 761 1257 ab
775 1195 830 1270 iit,
847 1196 909 1258 aliis

108 1279 209 1341 etiam
228 1277 453 1357 experimentis,
488 1295 621 1356 quorum
649 1278 798 1339 nonnulla
817 1274 911 1344 lno-

118 1362 163 1426 bis
184 1362 385 1442 proferentur,
405 1359 556 1439 suislocis.
592 1357 911 1438 -Deindefatentmn

119 1458 244 1509 motum
281 1442 486 1522 inaequabilem
513 1441 543 1504 ἃ
570 1442 746 1506 subsultibus
782 1445 910 1520 plenum

119 1524 239 1589 Telluri
254 1526 433 1601 tribuerent,
461 1521 542 1601 polle
564 1527 661 1588 timeri
687 1521 912 1589 dissolutionem

112 1609 184 1689 ejus
204 1609 333 1686 partium
350 1625 359 1682 ;
382 1604 447 1669 ·sed
467 1619 570 1669 motus
591 1607 714 1687 hujusce
733 1606 823 1671 nostri
844 1606 912 1671 Pn-

111 1702 212 1769 ·netae,
232 1689 425 1770 quantumvis
439 1690 557 1768 velox,
582 1692 730 1771 aequabilis
748 1704 853 1753 tamen
872 1688 912 1753 est

120 1773 150 1836 ἃ
170 1773 338 1837 uniformis.
379 1768 520 1851 Denique
538 1770 619 1852 A'e'r,
639 1773 691 1853 qui
699 1769 816 1837 circaT
816 1792 913 1837 ettam

120 1855 230 1936 pofitus
252 1855 315 1936 ejus
331 1855 476 1918 incumbit
491 1853 651 1932 superficiei
666 1902 675 1935 ,
702 1854 762 1919 uni
776 1874 851 1919 cum
864 1858 914 1920 illa

115 1940 248 2018 rapitur,
274 1931 350 2002 adeo
371 1950 403 1998 ut
424 1948 551 1999 ventum
573 1935 706 2001 Telluris
725 1941 825 2003 motui
839 1958 914 2002 con-

113 2018 914 2099 -trariumnoneffieiat,sedineamdempnrtemdefluat.

124 2106 186 2171 Hic
199 2104 273 2168 veri)
290 2103 446 2181 defluxus,
483 2103 553 2183 quia
576 2103 707 2182 placidus
723 2103 914 2184 &aequabilis

123 2188 181 2268 est,
203 2187 219 2250 i
234 2191 336 2267 nobis,
358 2187 396 2251 ad
410 2186 532 2251 infantia
544 2187 572 2249 ei
586 2185 729 2267 adsuetis,
749 2205 814 2249 non
827 2186 916 2251 senti-

125 2284 182 2334 tur.

164 2350 234 2414 Vll.
263 2348 420 2427 Objiciunt
441 2353 531 2415 etiam
551 2355 672 2417 nullum
695 2370 802 2433 corpus
817 2354 915 2435 super·

126 2434 167 2501 ne
182 2432 365 2512 demillum,
392 2451 427 2496 ex
450 2433 586 2499 altissima
599 2437 669 2500 turri
684 2482 694 2515 ,
723 2450 774 2499 aut
795 2456 832 2500 ex
845 2456 916 2518 prn-

115 2521 205 2599 rupti
217 2518 329 2583 montis
341 2515 484 2597 specula,
513 2518 551 2582 ad
573 2518 819 2599 perpendiculum
833 2520 919 2584 casu·

126 2620 213 2682 rum,
242 2603 391 2665 inlocum
404 2598 588 2680 submerum,
617 2601 687 2682 quia
700 2601 777 2666 dum
796 2600 866 2665 esset
883 2604 917 2667 iu

126 2684 226 2764 A'e're,
246 2681 350 2748 Terrae
366 2686 475 2763 locus,
504 2685 553 2746 cui
573 2684 712 2747 inmrinet
755 2686 865 2749 interea
884 2686 916 2749 in

122 2764 243 2831 'Ortum
258 2766 484 2843 subducerem
513 2766 596 2847 quod
610 2778 712 2831 tamen
724 2730 918 2847 {reperiendo

128 2851 312 2914 contrarium
327 2848 377 2913 eil
397 2846 596 2929 Copernicrni
602 2847 666 2913 duo
681 2848 917 2930 potiffimrlmre-

118 2944 260 3017 vponunt·-
293 2928 448 3015 Primum,
467 2930 679 3015 abre'reipso,
698 2929 919 3078 quieumTeg
