1928 3510
116 99 191 201 '238
242 101 322 173 un
351 122 566 175 usrcm
610 96 804 175 Lrnm.

112 199 247 260 uternuel
257 198 294 260 ad
309 194 512 261 Subsolanum
526 197 656 261 inclinat.
697 196 873 262 Comitatur
883 198 913 264 is

115 294 226 344 uentus
240 300 292 342 eos
306 281 356 360 qui
371 280 408 342 ad
416 279 562 347 Austrum
570 279 690 344 cursum
696 282 843 364 dirigunt,
865 283 915 346 us·

113 383 180 449 *tque
189 363 225 425 ad
247 382 282 424 ro
299 361 683 446 gradumSeptemtrionalis
692 364 870 443 latitudinis,
893 365 914 428 st

21 504 29 509 .
122 459 245 508 centum
265 447 377 508 circiter
400 447 571 509 milliaribus
587 445 603 508 i
619 446 743 511 Guinear
764 448 915 510 littoribus

121 527 220 591 abfint.
263 526 410 611 Indead4
417 527 683 614 gradumejusdem
691 528 852 592 latitudinis
860 548 916 592 oc·

123 624 243 675 currunt
258 614 328 674 loca
344 613 374 674 in
390 613 496 692 quibus
511 611 683 677 surmna-ell
700 611 841 692 malacia,
862 625 915 675 aut

121 695 422 778 aquaesuntturbines.
764 702 767 707 '

162 798 275 883 4³Qui
290 799 329 862 ad
342 797 462 864 Caribas
476 797 589 862 insulas
598 798 749 878 feruntur,
770 796 834 879 quo
848 817 914 862 ma·-

116 886 164 966 -gis
180 882 325 945 accedunt
338 881 376 943 ad
391 883 488 944 littora
503 882 699 961 Americana,
727 881 913 944 animadver-

54 983 56 986 ’
121 977 188 1026 tunt
195 962 384 1042 Aquilonem
391 966 484 1046 magis
495 984 530 1026 ac
546 964 641 1047 magis
655 963 692 1026 ad
708 961 913 1028 Subsolanum

114 1047 270 1124 inclinari,
292 1061 324 1107 ut
340 1045 522 1126 quandoque
537 1046 570 1108 fit
584 1046 776 1110 subsolanus
804 1044 865 1109 Sed
880 1060 912 1110 ut

121 1126 284 1208 plurimum
307 1126 323 1189 i
345 1126 513 1190 Subsolano
527 1127 713 1209 aliquantum
725 1128 761 1191 ad
777 1127 912 1207 Septem·

30 1234 35 1245 ·
113 1215 249 1282 trionem
264 1211 400 1274 declinat.
442 1209 654 1290 Quandoverb
662 1210 700 1273 ad
709 1209 912 1276 Subsolanum

122 1295 223 1367 cursus
232 1295 379 1375 dirigitur,
399 1291 463 1371 ejus
473 1296 552 1356 venti
566 1295 751 1357 vehementia
757 1295 911 1372 paullatim

113 1376 456 1456 rminuideprehenditnr.

160 1501 189 1560 ς.
211 1480 340 1544 Trudus
353 1478 449 1543 Maris
464 1498 514 1560 per
530 1499 607 1560 quos
631 1479 723 1542 Venti
747 1480 912 1544 constantes

115 1576 173 1623 aut
183 1561 331 1625 variabiles
348 1561 434 1642 flarlt,
456 1565 612 1642 ampliores
627 1562 742 1624 suntad
757 1562 914 1627 America-

118 1657 162 1711 ¹na
176 1645 290 1723 littora,
310 1643 401 1724 quim
409 1644 447 1707 ad
464 1644 622 1725 Africana,
645 1643 717 1707 crim
732 1644 818 1708 enim
835 1645 915 1708 venti

60 1782 64 1788 .
123 1726 287 1790 constantes
303 1729 377 1790 nulli
385 1726 542 1790 sentiantur
550 1731 585 1791 ab
601 1728 634 1791 iis
649 1727 700 1808 qui
715 1724 858 1791 Africana
874 1731 915 1790 le-

18 1826 33 1881 ,·
115 1825 197 1890 ,gunt
211 1813 326 1888 littora,
355 1811 453 1873 donec
471 1807 509 1870 28
528 1811 686 1874 latitudinis
702 1810 829 1892 gradum
843 1829 927 1888 prae··

115 1893 350 1973 'ternavigar'int,
379 1891 417 1954 ad
432 1891 611 1956 Americana
626 1893 664 1955 ad
681 1907 738 1973 30,
748 1909 804 1975 31,
824 1891 853 1955 ἃ
872 1906 912 1972 32

123 1974 249 2057 gradum
266 1975 344 2036 flant.
387 1971 486 2036 Trans
502 1973 704 2056 AEquatorem
719 1975 805 2038 idem
829 1992 916 2054 expe·

116 2057 222 2120 ssrientIl
240 2070 428 2135 compertum
447 2056 510 2137 est,
532 2077 604 2121 nam
618 2058 655 2121 ad
670 2060 915 2136 promuntorium

124 2138 216 2202 Bonae
237 2139 303 2219 Spei
320 2141 392 2202 fines
415 2155 576 2202 ventorum
591 2141 792 2204 constantium
806 2141 874 2202 sunt
897 2159 912 2220 3

124 2237 174 2284 aut
188 2243 216 2301 4.
228 2224 373 2306 ,gradibus
389 2221 547 2302 AEquatori
567 2225 738 2304 propiores,
766 2221 860 2304 quim
879 2221 915 2286 ad

121 2301 301 2368 Brasrlienlia
317 2306 421 2366 littora

162 2408 192 2470 6.
214 2409 245 2474 A
262 2431 282 2491 4
298 2407 554 2489 gradulatitudinis
569 2407 822 2489 septemtrionalis
837 2407 916 2472 adfr-

119 2511 176 2556 -nes
194 2542 203 2573 ,
231 2493 268 2556 de
286 2492 392 2571 quibus
409 2489 505 2554 modo
520 2492 670 2573 diximus,
700 2493 752 2572 qui
765 2505 846 2557 trans
860 2488 915 2555 ΙΕ-

121 2590 281 2654 quatorem
296 2573 378 2653 sunt,
400 2587 505 2636 ventus
534 2574 649 2654 semper
663 2572 703 2638 est
718 2576 793 2637 inter
806 2572 916 2638 Subso

127 2655 436 2734 lanum&Austrum,
457 2654 662 2720 &Subsolano
676 2658 767 2720 etiam
779 2653 917 2734 ferirpro-

126 2744 199 2820 pior.
240 2739 471 2804 Observandum
494 2751 596 2802 tamen
615 2740 652 2803 ad
662 2737 805 2804 Africana
819 2741 920 2802 littora

128 2823 256 2902 Austro,
276 2823 313 2884 ad
324 2820 482 2884 Brafilienfi
500 2821 668 2885 Subsolano
682 2823 854 2903 propiorem
862 2818 917 2884 effe

127 2921 268 2985 ventum,
287 2901 484 2985 urfereptane
506 2902 687 2970 subsolanus
696 2903 740 2968 sua
780 2902 866 2969 Ctim
880 2903 918 3002 eb

656 3018 662 3026 ·
822 3001 923 3068 vemt,
