1928 3510
197 204 252 269 De
267 202 358 269 Aire
372 195 409 269 <a
425 199 590 268 Mareotis.
622 193 666 267 C.
681 196 756 271 lv:
801 224 888 286 atne·

81 297 193 360 codem
213 299 284 359 loco
303 312 424 357 manere
442 294 601 371 videntur,
622 291 651 355 ἀ
670 307 745 356 tunc
765 286 887 355 Trabea¹

81 380 274 458 appellantur,
298 375 382 441 Alias
390 375 603 439 discedentibus
611 377 756 457 nubibus,
770 377 887 441 utum--

83 480 144 541 que
164 463 277 523 coelum
296 459 431 527 recedere
450 460 585 537 videtur,
607 459 690 537 quod
704 473 796 522 vento
811 459 874 521 fieri

83 540 191 627 potest,
212 543 241 606 ἃ
256 546 286 607 in
300 540 334 605 ei
348 556 428 619 parte
441 540 499 683 {uzi
514 539 888 618 dehiscit,.flamma.emi--

84 640 156 706 cat,
183 626 267 706 quod
280 622 448 686 vocaturC
468 646 486 682 a
498 644 555 682 ma.
597 618 801 688 Exhalationes
822 643 875 686 au·

82 722 145 775 tem
160 707 289 771 accensa
305 704 461 786 sanguinei
476 705 569 784 specie
585 721 762 783 cernuntur,
784 707 802 767 fi
818 710 888 770 mi-¹

81 810 156 853 nore
171 789 256 868 copia
271 789 410 865 sulfuris,
431 788 516 867 cujus
532 788 654 853 flamma
668 789 802 865 pallidior
818 788 891 866 est,

81 875 176 966 quim
189 873 278 949 nitri,
298 884 347 939 aut
362 874 481 950 tartari,
500 883 549 932 aut
565 869 880 935 biturniuisconstent..

82 952 241 1032 Ejusmodi
263 955 366 1019 lumen
387 966 458 1013 tarn.
470 950 579 1030 noctu,
599 951 689 1032 quim
705 953 830 1017 interdiu
845 954 878 1015 in

85 1040 166 1097 eoelo
174 1052 307 1112 apparere
314 1032 422 1112 potest,
438 1032 502 1095 imo
511 1033 622 1101 facilius
631 1034 742 1117 noestu,
758 1049 890 1116 propter..-

84 1117 243 1181 absentiam
258 1114 336 1179 Solis
344 1137 353 1193 ;
374 1116 462 1197 cnjus,
475 1118 625 1196 praevalida
640 1122 727 1198 luce,
747 1121 812 1183 aliae,
825 1119 891 1183 de·⁸

85 1203 201 1265 biliores
221 1218 328 1269 otnucs
350 1201 568 1278 obscurantur,
582 1220 653 1271 ,nec
674 1203 779 1279 procul
796 1201 876 1265 cerni

83 1282 210 1364 poliunt.
250 1281 370 1361 Stella„
381 1281 620 1362 quadiscurrere
635 1282 797 1361 dicuntur,
818 1285 892 1346 im··

83 1364 201 1446 proprie
221 1366 406 1433 eonomine
432 1364 638 1439 appellantur,
668 1359 740 1425 cum
759 1364 790 1425 in
811 1366 877 1428 a'e'te

84 1444 187 1519 nostro
201 1447 279 1522 hnt,
308 1443 337 1509 ἂ
352 1442 454 1528 exigui
469 1443 688 1504 exhalationum
703 1443 787 1521 copia
802 1465 877 1508 con·

85 1528 169 1590 stent.
204 1527 349 1607 Fulgores
365 1523 396 1587 ἀ
408 1527 488 1607 ignes
497 1524 581 1601 fatui
594 1525 731 1588 videntur
746 1524 889 1589 constare

84 1609 231 1690 pinguiori
240 1606 268 1669 ἃ
277 1606 402 1681 crailioti
416 1607 613 1685 exhalatione,
628 1609 729 1690 quales
740 1612 879 1678 ettoleof.

86 1692 121 1765 hs
131 1691 255 1765 materiis
269 1692 449 1766 evehuntur:
469 1709 535 1770 qua
548 1689 634 1761 facili
642 1691 765 1772 quidem
772 1711 892 1758 accen--

85 1772 451 1927 {untunssedillich'uon
463 1771 675 1855 absumuntur,
685 1775 877 1847 ,ursulfuteae
890 1812 893 1817 -
931 1793 934 1799 ’

132 1858 210 1919 nitro
223 1876 255 1916 ae.

128 1956 157 2017 9.
186 1938 249 2001 Ill.
273 1938 356 2001 Hinc
376 1938 514 2001 discimus
534 1957 640 2000 omnes
661 1937 808 2021 ejusmodi
833 1942 896 2003 in·--

86 2023 249 2085 humiliatas
265 2023 460 2085 exhalationes
477 2022 556 2085 brevi
563 2036 695 2102 ternpore
703 2023 807 2087 debere
815 2045 878 2088 cer·

87 2106 137 2181 ni,
152 2107 223 2182 quia
235 2105 355 2175 materia
369 2104 517 2182 subtilior,
538 2104 597 2183 qui
612 2105 774 2182 constant,
797 2107 896 2169 brevi·

86 2185 220 2253 absumta
234 2181 282 2245 est.
325 2183 441 2247 Verum
457 2183 528 2248 curn
548 2205 582 2246 ca
598 2189 719 2249 materia
731 2188 811 2255 varia
825 2186 897 2265 sit„

87 2281 121 2329 ut
135 2267 286 2345 diximus,
314 2286 378 2332 nou
399 2267 499 2329 omnis
519 2263 603 2347 aequi·
626 2266 686 2329 citi)
707 2265 884 2331 absumitur,

87 2348 138 2413 Sic
153 2350 288 2420 videmus
302 2348 459 2415 flammam
473 2366 511 2419 er
523 2350 607 2415 variis
619 2353 707 2419 rebus
722 2350 879 2421 excitatam

88 2430 196 2497 diutius
211 2432 331 2512 durare,
345 2445 397 2495 aut
408 2429 493 2501 citius
507 2429 657 2516 exstingui.
688 2431 805 2497 Oleum
820 2435 897 2498 sul·-

85 2516 169 2594 furi,
197 2528 248 2579 aut
268 2516 404 2583 bitumini
427 2513 588 2580 admistum
606 2515 712 2580 diutitis
727 2517 899 2596 flanrmat„

86 2595 179 2676 quim
193 2596 212 2659 sr
228 2600 306 2666 nitro
320 2597 358 2661 stt:
367 2596 514 2661 adfusum.
545 2597 646 2678 ltaque
660 2600 731 2665 nihil
745 2596 785 2659 est
799 2596 831 2661 ei
845 2599 879 2675 in
895 2654 897 2658 .

86 2698 119 2741 re
134 2681 225 2763 magis
240 2682 378 2759 mirum,
406 2688 499 2762 quam
513 2681 622 2753 inaliis
640 2682 814 2761 rebus,quas
835 2682 893 2745 in·¹

88 2761 293 2826 flunnramus.

132 2861 179 2905 10.
206 2842 366 2927 Postquim
387 2842 542 2923 vidimus,
570 2842 768 2925 quitatione
795 2846 898 2927 poffitr

87 2925 210 2995 flumina
223 2932 323 2991 calore
338 2927 482 2991 mediocri
503 2930 534 2991 in
548 2930 614 2990 a‘c'rc
628 2924 726 2991 subito
742 2931 882 3009 accendi,

85 3008 176 3101 idque
197 3012 257 3077 auri
285 3010 470 3077 t'ulurinautis
497 3012 636 3167 exeffp7¹⁰
653 3009 900 3167 ilfflstfflhffia·
948 3116 951 3121 .
