1928 3510
90 166 162 250 176
212 155 537 227 P'rrrsrcn
586 155 767 229 [ΜΠ.

87 250 148 317 Sed
171 249 317 350 ejusmodi
340 249 464 318 humida
479 269 604 329 corpora
617 255 675 314 a'e'ti
693 252 895 331 exponen-fa.

87 334 199 398 cillime
221 331 366 394 ficcantut
380 380 396 413 ‚.
411 336 480 413 quia
495 347 584 396 motu
598 336 814 413 particularum
836 342 883 399 a'e'a

84 433 227 494 reatum,
255 418 365 482 molles
380 415 410 478 dr
425 419 510 478 laeves
525 435 622 496 aquea
628 418 779 494 particulae
795 420 883 483 facile

84 499 278 577 abripiuntur..
318 496 549 563 Observandum
568 512 668 565 tamen
691 499 748 579 est,
773 501 794 562 fi
817 521 883 565 cot-

84 600 160 662 pota
175 580 260 661 adipe
273 583 346 645 illita
364 581 419 644 furt
439 628 448 660 ,
475 584 614 662 quamvis
635 583 799 663 inaquam
819 599 882 648 tota

85 665 307 742 immittantur,
321 662 409 728 viret
424 663 600 739 madefieri3.
613 666 706 744 quit,
727 667 883 746 nimirum,

86 747 249 828 superficiei
271 745 432 823 asperitates
448 791 457 826 ‚
486 746 594 826 quibus
608 746 770 810 adhaerebat
786 767 881 827 aqua,

86 833 157 895 sunt
171 828 256 905 adipe.
274 841 393 905 aequatae
407 872 427 905 ‚,
438 827 468 891 dt
481 826 554 905 ostia
568 846 715 908 potorum
730 832 881 904 obturata}

86 907 164 978 adeb
190 922 223 970 ut
242 909 315 971 nihil
336 909 455 990 superfit
476 911 525 973 cui
546 909 658 989 poffint·
674 930 776 991 aqueae
795 914 881 991 parti·

84 995 163 1140 {ula
197 988 335 1060 inhaetete
358 1037 376 1071 ,.
401 1011 471 1072 quae¹
492 993 617 1071 proinde
644 992 805 1058 necessatid
833 995 883 1058 de

106 1084 191 1138 uunt.

129 1173 180 1232 15.
202 1157 352 1240 Quaeritur
375 1157 466 1223 etiam
481 1175 572 1239 quate
595 1177 680 1240 aqua
693 1171 787 1243 gutta
803 1160 881 1224 deci-

86 1241 189 1306 dentes
204 1241 433 1323 rotundatum,
453 1241 537 1322 quod
551 1243 582 1304 in
595 1244 684 1324 guttis
699 1244 806 1322 pluviis
827 1245 881 1307 ob·

85 1325 199 1389 servare
222 1329 316 1406 licet,
336 1325 457 1405 aliisque
471 1325 560 1406 guttis
574 1325 714 1388 alicunde
723 1325 880 1389 decidenti·

86 1407 170 1475 bus?
191 1407 254 1474 Alii
265 1408 441 1487 respondent
455 1426 520 1469 non
537 1407 598 1470 fieri
613 1408 690 1488 hoc,
712 1408 775 1473 ulli
792 1427 879 1487 pecu·

85 1493 149 1556 liari
163 1491 349 1570 dispofitione
362 1509 446 1568 aquae
460 1536 469 1569 ‚
490 1488 539 1551 sed
555 1490 624 1569 quia
638 1492 705 1553 a'e're
727 1492 878 1571 undequa.

83 1593 145 1654 que
158 1590 200 1639 ex,
209 1572 296 1651 aequu
311 1568 425 1651 preffae,
445 1569 605 1634 necessarii>
621 1574 653 1634 in
668 1575 837 1637 rotundam
845 1574 879 1637 fi-

82 1673 191 1737 guram
205 1666 379 1737 coguntur,
399 1655 470 1735 quia
485 1656 593 1716 ornnes
609 1656 759 1733 particula
775 1676 877 1736 aquea

84 1737 232 1821 equaliter
253 1738 399 1817 prementi
420 1738 478 1800 ae'ri
493 1734 633 1799 refistunt.
674 1737 771 1819 Quod
785 1740 877 1801 etiam

83 1821 331 1901 deprehendimus
346 1821 379 1883 in
390 1821 453 1885 aliis
460 1820 602 1884 omuibus
610 1822 786 1903 liquoribus,
807 1834 882 1903 gut,

82 1903 396 1968 tatimdecidentibus„

126 1986 175 2048 16.
214 1983 277 2049 Alii
291 2003 390 2065 vetor,
409 1984 484 2064 *qui
506 1986 693 2049 contendunt
719 1985 876 2063 particulas

85 2066 475 2215 aquanoneffeoblongas,
496 2066 658 2146 deflentes,
679 2081 712 2129 ut
728 2065 877 2142 Cartefiur

81 2153 230 2234 conjecit,
250 2152 300 2216 sed
314 2167 407 2216 rotun
427 2170 457 2214 as
473 2148 502 2213 ἃ
517 2152 617 2227 laves,
639 2148 800 2228 mistdsque¹
813 2169 877 2211 rna·

78 2235 150 2296 terii
165 2236 296 2315 quadam
308 2234 434 2312 viscidd;
456 2235 538 2297 aiunt
551 2230 660 2296 uiscidit
671 2232 722 2294 illa
736 2231 876 2313 marturii,

78 2333 146 2394 quae
174 2320 271 2394 plures
299 2319 454 2392 particulas
483 2312 875 2392 rotundas'compleeiitut.‚,

78 2398 143 2461 fieri
173 2410 206 2460 ut
234 2400 383 2482 guttaita
402 2399 433 2458 in
455 2399 564 2464 orbem
582 2410 727 2480 cogantur
758 2444 767 2474 ‚
806 2399 876 2476 quia

78 2484 235 2560 particulas
256 2476 615 2559 aqueasseoriimcadere
630 2498 693 2542 non
710 2478 790 2541 imit..
827 2479 876 2542 in-

76 2565 182 2629 didem
197 2563 259 2629 fieri
272 2564 380 2626 volunt
403 2581 429 2626 1„
452 2573 485 2623 ut
506 2576 595 2645 guttae
616 2582 716 2643 aqueae
732 2561 875 2640 suspensae

76 2644 158 2707 soliis
175 2651 340 2722 arborum,
354 2656 414 2711 aut,
423 2647 559 2707 lateribus
573 2645 715 2708 vasorum
731 2645 874 2709 haeteant:

77 2743 108 2788 2.
131 2741 164 2788 ut
180 2748 256 2807 aqua
271 2725 360 2808 poffit·
371 2726 561 2805 condenfitri‚
583 2730 651 2804 quia
665 2726 875 2804 viscidaeparti·

78 2811 153 2870 culae
176 2811 284 2875 flexiles
305 2809 399 2891 sunt,
427 2809 561 2885 adedque
584 2808 732 2873 confetiri,
745 2824 876 2889 queunt,

81 2888 161 2972 quod
185 2895 312 2967 probant
326 2895 386 2957 hoc
400 2893 601 2972 experimento
614 2940 626 2972 ‚
648 2891 730 2968 quod
748 2890 877 2955 Floren-

827 2990 893 3044 [1324

114 3073 129 3112 ’t
144 3069 696 3144 mnsmtueldmduuttitnibusNaturaliter.
710 3073 838 3135 centur,
