1928 3510
230 186 716 268 DeTerraetMaripCNI.
787 193 854 282 1259

62 285 341 375 tura'Magnetis'vi
356 289 430 373 ignis
438 293 586 369 turbetur,
599 289 671 354 'vim
687 287 773 354 suam
788 291 857 353 iden

65 378 197 453 amittit,
218 378 286 455 quia
308 377 371 455 pori
391 373 455 453 ejus
477 386 718 451 corrumpuntur.
762 373 858 437 Ferro

65 462 148 521 idem
168 459 328 541 contingit,
349 456 433 537 quod
449 468 584 535 praterea
605 455 751 539 ferrugine
766 475 859 537 poros

65 555 117 605 aur
132 541 279 624 rodenter
291 554 342 604 ant
357 541 526 617 obturante‚
548 537 612 598 vim
620 538 727 603 amittit
733 557 857 625 magne·

68 640 167 686 ticam.

109 723 156 788 13.
178 704 489 784 Decimotertiolom,
506 702 750 785 quandoquidem
758 721 858 783 perpe·

66 788 120 851 tui)
135 791 212 851 circa
226 803 336 851 terram
347 789 455 866 rapitur
469 788 589 851 materia
596 787 779 871 magnetica,
801 789 859 848 mi-

65 868 135 934 ru'm
149 887 213 933 non
227 869 267 931 est
280 869 301 930 fi
315 870 481 933 occurrenti
496 868 546 932 fibi
560 868 664 949 ferro,
692 869 721 933 ἃ
743 868 858 948 semper
951 946 956 955 Ι

64 954 171 1015 eadem
192 954 304 1013 ratione
324 949 441 1014 diseno
461 952 593 1016 incidens
607 952 670 1033 ejus
684 971 774 1033 poros
790 969 860 1032 ape·

65 1036 137 1112 riat,
157 1032 743 1100 &constantesineomeatusfibiefficiat.
823 1057 825 1061 ¹

104 1117 145 1179 V.
167 1116 354 1180 Videbuntur
368 1115 444 1180 forte
458 1115 552 1198 primi
567 1119 682 1198 fronte,
703 1137 856 1183 memora-

56 1215 100 1262 tae
121 1200 284 1279 sententia,
305 1197 411 1280 quibus
426 1214 477 1264 aut
490 1215 635 1278 pennata,
654 1213 706 1262 aut
720 1203 857 1266 cochlea-

64 1284 101 1344 ris
123 1301 173 1361 per
196 1280 349 1366 Magnetis
370 1300 461 1359 poros
477 1281 544 1343 ferri
565 1281 695 1342 statuitur
716 1285 854 1363 materia,

66 1365 116 1424 πῒς
132 1358 294 1437 amtorem
312 1360 428 1441 optime
438 1361 621 1443 satisfacere,
642 1360 858 1442 ursanepleris-

64 1442 298 1528 quehaudmale
313 1444 505 1506 conveniunt.
549 1442 858 1510 Suntta'mcninutta·

65 1529 318 1611 quedifficultates
327 1524 409 1604 pane
417 1525 630 1607 insuperabiles.

114 1629 142 1672 1-.
171 1608 203 1671 Si
210 1622 342 1687 ,pennata
356 1606 485 1673 Materia
498 1609 632 1691 ejusdem
647 1613 748 1697 figura
765 1657 776 1693 ‚
800 1625 855 1675 eo·

63 1695 195 1772 demque
216 1705 304 1753 motu
325 1691 388 1755 acta
413 1710 449 1754 ex
469 1706 597 1774 utroque
616 1693 749 1759 Telluris
772 1698 855 1760 venit

66 1776 163 1852 Polo,
183 1773 373 1856 intelligimus
387 1773 510 1855 quidem
517 1794 608 1856 quare
614 1773 744 1860 Magnes
758 1779 797 1841 ita
810 1780 855 1842 di-

63 1862 191 1940 rigatur,
214 1870 246 1919 ut
254 1856 345 1920 Polos
353 1857 455 1921 habeat
464 1856 633 1922 terraePoiis
641 1858 798 1937 obversos,
819 1859 856 1924 et
936 1860 943 1874 ‘

64 1954 256 2004 commeante
276 1941 426 2020 utrimque
440 1941 562 2005 materia
575 1961 585 2018 3
605 1940 655 2006 sed
671 1961 761 2024 quare
776 1942 855 2009 sem·

65 2043 116 2103 per
127 2024 274 2086 eumdem
289 2024 387 2085 eidem
396 2025 536 2095 ¹‹rhnertat
555 2023 639 2089 nulli
649 2027 766 2089 ratione
780 2045 856 2099 con·

64 2105 134 2182 stat,
155 2103 226 2166 etim
241 2107 361 2167 materia
376 2119 503 2184 pennata
516 2124 552 2169 ex
566 2106 783 2185 septemtrione
802 2120 856 2170 aut

63 2207 99 2262 ex
121 2183 250 2250 Meridie
269 2188 390 2250 veniens
417 2201 579 2268 utrumque
598 2206 634 2250 er
653 2191 741 2269 'aequo
759 2189 856 2252 subire

62 2267 275 2351 poffitPolum.
643 2332 645 2337 .

107 2372 135 2414 2.
158 2351 189 2414 Si
205 2353 326 2414 materia
340 2352 499 2416 cochlearis
514 2350 593 2416 varie
607 2353 720 2418 inversa
733 2353 793 2429 hoe
808 2356 853 2420 in·

66 2434 235 2498 commodo
249 2453 314 2497 non
330 2437 441 2497 laboret
455 2481 465 2514 ‚
485 2435 565 2501 aliud
579 2434 620 2499 est
633 2439 716 2519 quod
729 2457 786 2501 nec
804 2437 853 2500 su-

64 2518 203 2598 perioris,
224 2535 321 2594 neque
334 2516 426 2597 ‹hujus
446 2516 479 2579 H
497 2519 651 2596 pntheseos
672 2540 755 2600 ope,
776 2519 854 2582 solvi

64 2595 167 2681 potest.
203 2594 325 2658 Scilicet
334 2638 350 2676 .,
377 2598 450 2661 erim
477 2537 608 2683 Magnes
629 2602 663 2665 fit
685 2597 854 2675 solidiffima

64 2681 208 2756 rrrateria,
230 2677 424 2758 dubiumeffe
438 2683 539 2764 nequit
554 2687 627 2765 quin
638 2688 739 2764 plures
752 2682 854 2746 multi)
897 2750 899 2755 ,

64 2766 120 2829 iinr
140 2764 171 2825 in
187 2781 230 2824 eo
249 2776 342 2841 partes
361 2762 467 2839 solida,
480 2812 496 2845 ‚.
517 2765 611 2848 quim
629 2767 702 2847 pori.
762 2764 862 2848 Igitur*

65 2847 138 2912 crim
159 2844 357 2909 admoventur
381 2846 443 2910 duo
460 2844 645 2932 Magnetes,
665 2848 795 2912 incidens
817 2852 855 2924 ab

64 2945 192 3009 utroque
207 2930 238 2990 in
252 2931 379 2993 alterum
393 2933 559 3007 materiam
617 2933 714 3011 etica,
734 2931 764 2994 iit
784 2932 853 2996 soli·

65 3012 234 3156 das'qpartes
255 3012 353 3088 plures
375 3029 411 3077 ac
431 3030 522 3094 poros
535 3033 558 3075 o
583 3013 718 3097 endens,
738 3015 853 3096 deberet

133 3114 211 3154 omres
232 3089 296 3154 III.
737 3109 855 3162 utrum·
