1928 3510
103 136 174 205 106
232 126 561 201 Parere-m
609 125 792 204 Luall.
928 174 931 179 -

100 222 133 286 vl
148 218 348 307 exstinguitur.
388 241 419 305 4
442 219 579 303 Corpora
594 242 659 304 quae
677 225 779 306 ignem
795 243 913 289 conce·

100 318 209 385 petunt
223 352 233 385 ,
253 304 274 367 fi
289 323 453 391 pergamus.
462 306 497 368 iis
511 309 614 393 ignem
627 307 806 388 admouere,
829 311 907 373 dum

101 387 260 453 flammam
273 386 304 451 &
317 388 446 453 fumum
455 389 613 469 errrirtu'nt,
630 390 685 471 pro
698 392 781 453 vario
796 410 907 454 eorum

100 483 247 537 contextu
260 471 394 535 denfiore
408 518 423 552 ,
439 484 490 535 aut
504 474 635 552 rariore,
657 474 778 539 celerius
794 488 846 538 aut
862 474 914 537 se·-

103 549 164 617 riis
177 553 375 619 absumuntur
388 576 404 633 ·,
420 573 517 636 neque
531 555 614 618 exiis
628 555 812 636 quidquam,
833 575 906 636 prae-

19 708 24 717 ¹
101 648 147 699 ter
161 637 295 719 cineres,
315 636 454 718 superest..
491 635 528 702 Si
538 640 668 718 liquores
690 638 744 701 fint
766 640 906 722 pingues,

102 732 154 783 aut
169 722 221 804 qui
238 721 275 786 ad
289 722 350 785 vini
365 732 508 784 naturam·
518 721 676 798 accedant,
697 722 852 784 flammam
860 722 905 783 fa·

102 802 163 867 elle
177 804 375 884 concipiunt,
390 801 420 865 δι
435 815 469 865 ut
482 806 580 873 c'etcra
593 803 812 867 consumuntur
826 824 839 881 ;
861 803 906 866 sm

102 884 178 947 vero
192 884 249 949 suu
261 904 361 966 aqueae
375 897 506 966 naturae,
518 885 548 948 ἃ
562 885 630 949 vase
643 888 763 967 aliquo,
784 885 904 950 materii

100 985 170 1048 qua
188 967 349 1031 flunnram
366 987 435 1032 nou.
455 969 587 1047 concipit
607 968 783 1048 constante,
809 971 907 1033 conri-

99 1062 243 1130 naanrur,
253 1050 384 1115 admoto
390 1053 477 1135 igne,
491 1049 806 1130 feuvmt&paullatim
814 1053 906 1117 inau-

100 1134 283 1213 nsabeunr,
297 1133 375 1199 dum
388 1135 539 1214 perpetui,
552 1152 607 1213 pro
616 1136 744 1219 ignisvi,
761 1153 797 1199 ex
806 1136 915 1199 iscla·-

100 1217 213 1281 buntur
227 1235 366 1297 vapores.
401 1236 435 1297 5..
454 1212 622 1282 Contextus
636 1216 776 1281 densroris
791 1236 914 1297 corpo--

102 1318 160 1377 ra,
179 1302 278 1382 qualia
292 1298 362 1364 sunt
375 1319 443 1382 que.
455 1302 576 1363 metalla
590 1300 740 1380 dicimur,
771 1300 831 1362 hoc
846 1299 905 1380 cst,

102 1401 232 1465 aurum,
246 1398 469 1468 argeutum,aes
478 1427 487 1461 ,
496 1381 788 1463 ferrumstannum,
804 1387 914 1463 plum--

101 1467 199 1548 bum,
219 1469 488 1555 varioque-eorum
503 1464 654 1546 mistura,
674 1468 708 1529 vi·
720 1466 794 1550 iguis
811 1468 915 1547 lique*

103 1548 205 1628 liunt,
226 1566 413 1646 quamquam
426 1564 492 1609 non
505 1547 583 1610 intra
596 1547 678 1610 idem
691 1563 809 1627 tempus
822 1596 832 1629 ,
853 1563 914 1613 aut.

103 1626 914 1802 ‚illelirllllllllrllllllldlml

103 1791 241 1878 quefaoua
251 1798 389 1876 metalla,
404 1793 511 1878 ilignis
518 1796 563 1858 vis
571 1794 712 1874 perpetuo
726 1797 758 1858 io
771 1815 806 1859 ea
820 1812 906 1880 agat,

105 1876 238 1957 pondere
252 1878 387 1944 multum
399 1879 594 1956 minuuntur,
614 1877 646 1940 ἀ
659 1878 783 1941 tandem
795 1880 912 1944 exhau-

105 1960 239 2039 riuntur,
259 1974 292 2022 ut
309 1962 380 2023 nihil
396 1959 514 2039 superfit
527 1973 629 2039 praeret
641 1959 769 2037 scoriam
790 1981 857 2042 quae
871 1962 910 2029 δι.

106 2042 174 2125 ipsa
186 2044 356 2109 violentiori
377 2045 445 2126 igne
470 2042 645 2127 rediguntur.
657 2044 689 2106 in
705 2047 844 2126 calcem,
872 2045 904 2110 le

105 2129 231 2195 tandem
244 2127 478 2192 consumuntur..
514 2123 575 2190 Sed
589 2144 714 2205 aurum,
729 2124 910 2206 qubpuriue

107 2210 167 2290 ell,
179 2211 370 2276 eodiutiusvi
385 2213 461 2295 ignis
476 2207 589 2287 refistit,
605 2227 661 2271 nec
668 2209 902 2291 pondussuum,

108 2306 142 2356 ut
155 2296 212 2356 alia
224 2298 345 2356 metalla
358 2296 474 2358 amittit.
517 2309 546 2373 7.
567 2288 711 2373 Lapides,
732 2290 842 2372 &que
863 2294 910 2359 ad.

106 2374 243 2454 lapidum
255 2387 396 2437 naturam.
407 2375 579 2454 accedunt,
600 2389 650 2438 aut
665 2374 847 2455 liquefiunt,
868 2378 904 2440 in

107 2460 250 2536 vitream,
271 2457 331 2519 hoc
343 2455 399 2535 cll,
420 2457 601 2536 pellucidam
614 2460 785 2538 materiam,
805 2471 857 2521 aut
870 2461 909 2523 iu

105 2548 223 2608 calcem
238 2540 432 2620 &pulverem
444 2539 624 2623 rediguntur.

152 2645 180 2713 3.
210 2622 362 2689 Effeelum
377 2624 469 2705 ignis,
491 2623 573 2705 quasr-
591 2626 627 2688 ab
642 2625 675 2686 lie
688 2640 775 2703 quos„
786 2621 902 2701 primos

105 2709 308 2771 recensuimus
323 2703 491 2786 diversum,
511 2725 576 2769 non
590 2724 797 2770 memoramus
811 2724 904 2788 eum,

94 2809 201 2871 vquem
221 2793 252 2852 in
272 2788 371 2855 nostro
386 2806 511 2868 corpore
524 2789 591 2851 edit.
633 2788 670 2852 N
671 2809 721 2851 am
734 2790 765 2851 in
780 2807 904 2854 carnem

107 2871 255 2949 nostram,
270 2873 379 2936 eodem
393 2871 490 2936 modo
504 2891 538 2934 ac
553 2873 583 2935 in
592 2873 728 2953 quamvis
742 2874 832 2935 aliam
839 2891 904 2934 car-

108 2976 200 3039 uem,
211 2957 286 3042 agit,
306 2952 909 3122 primum.eanleuii1s,firemorioraligrl,
