1928 3510
196 249 356 318 lae-Atre
372 242 587 317 &Maeotin
619 244 653 317 C
678 244 750 318 IV'.
801 271 875 346 233

81 343 121 412 ita
135 344 297 422 explicant;
317 342 487 423 nimirum,
497 343 590 406 nubes
604 342 763 422 superiores
778 342 876 422 lique*

81 424 171 488 faelas
188 424 216 487 dr
231 426 262 487 in
277 422 426 488 inferiores
441 425 583 504 collapsas
598 445 644 488 eas
659 425 762 488 fecum
778 425 808 487 in
817 437 878 504 ter«

81 527 147 580 tam
161 508 316 587 praecipites
331 526 415 592 agere
429 507 600 587 opinantur..
634 506 693 576 Sed
714 527 778 575 non
797 523 874 585 opus

83 589 124 651 est
149 589 186 652 ed
214 590 446 671 confugiamus,
478 609 550 652 nam
578 589 657 652 solus
685 591 877 657 exhalationis

82 673 271 744 itallammatae
286 676 385 750 calor,
405 670 425 734 fi
441 671 543 753 paullo
557 671 765 751 copioliorfrt,
787 674 875 734 a'e'rls-

82 775 141 837 que
160 754 253 818 subita
273 753 426 817 concufflo
440 753 457 835 ,'
473 756 583 817 vicinas
605 755 697 816 nubes
718 754 879 833 liqueface«

79 859 128 990 gg,
150 836 179 900 u
200 839 231 900 in
252 852 359 900 terram
373 835 541 918 liquefatlas
563 837 688 918 dejicere
706 832 793 900 facile
807 836 875 916 pos·

115 932 156 982 nt.

127 1019 177 1063 20.
202 1001 379 1082 Fulgetrum
393 1045 412 1078 „
432 999 591 1071 &tonitru
605 1002 765 1082 aliquando
780 1002 876 1083 sequi·
906 1071 910 1077 ,

84 1097 132 1145 tur
147 1083 306 1162 Fulmen,
319 1084 378 1145 hoc
392 1080 449 1163 est,
470 1083 644 1169 rapidiffima
651 1084 792 1165 flamma,
813 1106 876 1169 quae

83 1186 123 1226 ex
136 1165 255 1228 nubibus
268 1166 309 1226 ad
320 1181 429 1229 terram
446 1167 532 1251 usque
547 1167 695 1244 dcfhrtur,
724 1167 765 1242 ἐρ’
780 1169 882 1229 omnia.

82 1248 167 1309 obvia
173 1248 335 1333 prosternit.
363 1246 439 1310 Haec
455 1252 485 1311 in
500 1269 537 1312 eo
545 1249 701 1328 peculiaria
708 1251 883 1328 phaenome·

82 1349 121 1393 na
135 1330 414 1410 deprehendunturz,
432 1332 543 1394 nloca
551 1328 642 1406 celsa,
656 1344 690 1391 ut
704 1330 773 1399 funt
786 1351 877 1397 mun·

81 1426 142 1490 tes,
155 1414 271 1475 arbores
286 1458 297 1490 ,
317 1425 427 1489 turres,
450 1407 630 1490 frequentius
644 1409 736 1491 quim
749 1412 882 1492 deprella

82 1494 164 1567 ferit:
188 1513 216 1553 2.
232 1492 393 1571 aliquando
407 1490 498 1555 vestes
513 1494 675 1559 hominum
688 1495 719 1557 in
734 1512 811 1574 quos
827 1495 883 1556 de-.

83 1574 153 1642 cidit
168 1571 249 1651 uffit,
264 1573 355 1636 illaeso
371 1592 494 1654 corpore
511 1594 518 1640 :
550 1595 578 1657 3.
593 1576 754 1656 aliquando
763 1594 883 1643 eorum

83 1651 145 1719 ossa
159 1655 319 1740 confregit,
334 1656 558 1728 illaefisuestibus
574 1658 603 1721 dt
620 1678 723 1723 carne:
744 1679 774 1741 4.
789 1656 878 1729 Simi-

84 1741 148 1801 liter
161 1738 295 1821 gladium
310 1739 340 1803 in
355 1741 480 1824 vagina,
501 1742 555 1802 hac
567 1739 692 1823 intacti,
712 1743 878 1822 liquefecit,

83 1832 134 1884 aut
148 1821 233 1904 fregit
246 1841 258 1918 g
283 1824 331 1885 vel
347 1821 471 1901 contra,
490 1821 620 1894 ambusti
635 1824 757 1906 vagini,
777 1824 885 1912 gladio

82 1921 146 1976 non
162 1918 275 1967 nocuit.

125 2004 175 2048 21.
203 1985 279 2049 Haec
300 1985 367 2050 funt
387 1984 533 2066 potisfirna
553 1985 688 2051 fulminis
709 1987 879 2069 phaenorne·

82 2087 144 2146 na,
165 2070 289 2148 exceptis
305 2070 356 2148 iis,
378 2089 443 2148 qua
458 2070 494 2132 ad
511 2082 645 2148 tempora
666 2070 776 2135 &loca
792 2073 884 2153 perti--

82 2162 171 2227 nent,
192 2150 354 2230 dequibus
376 2150 471 2229 postea
486 2151 660 2214 videbimus.
702 2153 793 2215 Hisce
806 2172 878 2234 crgo

83 2231 228 2311 expetam,
251 2231 427 2310 conjicimus
443 2233 559 2295 fulmen
574 2231 630 2294 effe
645 2234 877 2311 exhalationem,

83 2316 204 2394 qualern
215 2313 435 2392 descriplimus;
455 2333 520 2393 quae
534 2314 631 2376 subito
646 2316 832 2395 accenditur,
848 2314 886 2383 ἃ,

82 2416 148 2481 quae
169 2396 211 2458 sat
233 2395 352 2475 copiosa
372 2395 428 2475 eil,
450 2412 589 2464 utvento
610 2397 692 2476 pulsa
713 2398 729 2462 a
750 2402 877 2463 nubibus

81 2479 118 2541 ad
135 2497 191 2540 nos
206 2479 298 2559 usquc
314 2479 431 2541 fetatur.
471 2477 548 2541 Sunt
563 2481 613 2559 qui
630 2481 882 2553 veliutrtubefu:

81 2563 194 2641 periore
210 2563 240 2623 in
256 2561 425 2624 inferiorem
440 2561 571 2635 cadente„
581 2565 772 2644 interceptam
792 2565 879 2626 erha-

82 2647 227 2707 lationem
241 2643 325 2720 elidi,
346 2641 375 2717 dt
390 2662 440 2722 per
455 2658 584 2715 extrema
598 2647 724 2712 nubium
741 2663 878 2726 erumpe-

82 2746 122 2793 re.
150 2724 226 2801 Sed,
244 2725 703 2805 utdirimus‚‚humote'adfuso
717 2727 878 2814 exstingue·

82 2822 160 2883 retur
176 2806 271 2888 potius
287 2855 296 2887 ,
316 2827 352 2871 ac
368 2808 526 2873 dilueretur
539 2811 700 2891 exhalatio,
721 2811 813 2893 quam
828 2832 877 2874 ac·

82 2889 252 2953 cendetctur
273 2891 302 2954 dt
323 2893 353 2955 in
375 2905 482 2954 terram
508 2906 699 2955 excuteretur.
743 2890 877 2958 Credibir

80 2976 137 3049 lius
159 2971 198 3035 est
219 2988 310 3035 teuto
331 2975 486 3038 accensam
507 2976 662 3039 flaminum
682 2974 789 3056 dejici,
810 2995 877 3055 quae

77 3052 186 3135 facile,
208 3056 282 3119 dutn
304 3058 425 3130 materia
446 3057 584 3131 noudum
607 3058 741 3124 absumta
760 3057 823 3135 est,
844 3058 875 3129 in

819 3152 879 3211 tet:
